% Encoding: UTF-8
@article{kallman2008, 
  author = {Kallman, Robert and Kimura, Hideaki and Natkins, Jonathan and Pavlo, Andrew and Rasin, Alexander and Zdonik, Stanley and Jones, Evan P. C. and Madden, Samuel and Stonebraker, Michael and Zhang, Yang and Hugg, John and Abadi, Daniel J.}, 
  title = {{H}-{S}tore: a High-Performance, Distributed Main Memory Transaction Processing System}, 
  journal = {Proc. VLDB Endow.}, 
  volume = {1}, 
  number = {2}, 
  year = {2008}, 
  issn = {2150-8097}, 
  pages = {1496--1499}, 
  doi = {http://doi.acm.org/10.1145/1454159.1454211}, 
  publisher = {VLDB Endowment}, 
  url = {http://hstore.cs.brown.edu/papers/hstore-demo.pdf}, 
  }

@inproceedings{stonebraker2007, 
  author = {Stonebraker, Michael and Madden, Samuel and Abadi, Daniel J. and Harizopoulos, Stavros and Hachem, Nabil and Helland, Pat}, 
  title = {The end of an Architectural Era: (It's Time for a Complete Rewrite)}, 
  booktitle = {VLDB '07: Proceedings of the 33rd international conference on Very large data bases}, 
  year = {2007}, 
  isbn = {978-1-59593-649-3}, 
  pages = {1150--1160}, 
  location = {Vienna, Austria}, 
  publisher = {VLDB Endowment}, 
  url = {http://hstore.cs.brown.edu/papers/hstore-endofera.pdf}, 
  }

@Misc{www-H-StoreFaq,
  author       = {{Brown University and Carnegie Mellon University and Massachusetts Institute of Technology and Yale University}},
  title        = {{H-Store-Faq}},
  howpublished = {Web Page},
  note         = {accessed 2017-02-19},
  url          = {http://hstore.cs.brown.edu/documentation/faq},
}

@Misc{www-H-StoreArch,
  author       = {{Brown University and Carnegie Mellon University and Massachusetts Institute of Technology and Yale University}},
  title        = {{H-Store-Arch}},
  howpublished = {Web Page},
  note         = {accessed 2017-02-19},
  url          = {http://hstore.cs.brown.edu/documentation/architecture-overview/},
}


@Misc{www-VoltDB,
  author       = {{VoltDB, Inc}},
  title        = {{VoltDB}},
  howpublished = {Web Page},
  note         = {accessed 2017-02-19},
  url          = {http://voltdb.com/},
}

@Misc{www-ClustrixDB,
  author       = {{Clustrix}},
  title        = {{ClustrixDB}},
  howpublished = {Web Page},
  note         = {accessed 2017-02-19},
  url          = {http://www.clustrix.com/summary-of-our-db/},
}

@Misc{www-NuoDB,
  author       = {{NuoDB, Inc}},
  title        = {{NuoDB}},
  howpublished = {Web Page},
  note         = {accessed 2017-02-19},
  url          = {https://www.nuodb.com/product-overview},
}

@Misc{www-Memsql,
  author       = {{MemSQL Inc}},
  title        = {{MemSQL}},
  howpublished = {Web Page},
  note         = {accessed 2017-02-19},
  url          = {http://www.memsql.com/product/},
}

@Misc{www-FastData,
  author       = {{TechTarget}},
  title        = {{fast data}},
  howpublished = {Web Page},
  note         = {accessed 2017-02-19},
  url          = {http://whatis.techtarget.com/definition/fast-data},
}


@article{pavlo16, 
  author = {Andrew Pavlo and Matthew Aslett}, 
  title = {What's Really New with NewSQL?}, 
  journal = {SIGMOD Rec.}, 
  issue_date = {June 2016}, 
  volume = {45}, 
  number = {2}, 
  month = {Sep}, 
  year = {2016}, 
  pages = {45--55}, 
  url={http://db.cs.cmu.edu/papers/2016/pavlo-newsql-sigmodrec2016.pdf}, 
  }

@Misc{github-H-Store,
  author       = {{Brown University and Carnegie Mellon University and Massachusetts Institute of Technology and Yale University}},
  title        = {{H}-Store},
  howpublished = {Code Repository},
  month        = sep,
  year         = {2010},
  note         = {Accessed: 2017-2-19},
  owner        = {S17-IO-3023},
  url          = {https://github.com/apavlo/h-store},
}

@Misc{www-H-Store,
  author       = {{Brown University and Carnegie Mellon University and Massachusetts Institute of Technology and Yale University}},
  title        = {H-store Documentation},
  howpublished = {Web Page},
  month        = dec,
  year         = {2012},
  note         = {accessed 2017-02-19},
  url          = {http://hstore.cs.brown.edu/documentation/},
}

@TechReport{www-Emagine,
  author          = {{VoltDB, Inc}},
  title               = {EMAGINE IMPLEMENTS REALTIME TELECOMMUNICATIONS PERSONALIZATION WITH FAST DATA},
  institution     = {VoltDB, Inc},
  year             = {2015},
  type             = {Case Study},
  note         = {accessed 2017-02-19},
  url               = {https://www.voltdb.com/hubfs/content/case_studies/hv_case_studies/hv-case-study-emagine-implements-real-time-telecommunications-presonalization-with-fast-data.pdf},
}

@TechReport{www-Airpush,
  author          = {{VoltDB, Inc}},
  title               = {AIRPUSH},
  institution     = {VoltDB, Inc},
  year             = {2015},
  type             = {Case Study},
  note         = {accessed 2017-02-19},
  url               = {https://www.voltdb.com/hubfs/content/case_studies/hv_case_studies/hv-case-study-airpush-on-a-mission-to-redefine-mobile-advertising.pdf},
}



@Comment{jabref-meta: databaseType:bibtex;}
