@misc{www-jupyter-wiki,
   author = {Wikipedia},
   title = {Jupyter -Debian Wiki},
   year = {2016},
month={dec},
key={notebook},
   url = {https://wiki.debian.org/Jupyter},
   note = "[Online; accessed 23-March-2017]",
Owner={S17-IR-2037}
 }

@Misc{www-jupyter,
  key           = {project},
  author = {Jupyter},
  month = {mar},
  year={2017},
  howpublished = {Web Page},
  note         = {Accessed: 2017-03-02},
  title        = {About Project Jupyter},
  owner        = {S17-IR-2037},
  url          = {https://jupyter.org/about.html},
}

@Misc{www-jupyter-notebook,
  key           = {project},
  author = {Jupyter},
  month = {jan},
  year={2017},
  howpublished = {Web Page},
  note         = {Accessed: 2017-03-02},
  title        = {What is the Jupyter Notebook?},
  owner        = {S17-IR-2037},
  url          = {http://jupyter-notebook-beginner-guide.readthedocs.io/en/latest/what_is_jupyter.html},
}

@Misc{www-jupyter-kernel,
  key           = {kernel},
  author = {Jupyter},
  month = {feb},
  year={2017},
  howpublished = {Web Page},
  note         = {Accessed: 2017-03-02},
  title        = {Jupyter kernels},
  owner        = {S17-IR-2037},
  url          = {https://github.com/jupyter/jupyter/wiki/Jupyter-kernels},
}

@Misc{www-jupyter-arch,
  key           = {architecture},
  author = {Jupyter},
  month = {feb},
  year={2017},
  howpublished = {Web Page},
  note         = {Accessed: 2017-03-02},
  title        = {How IPython and Jupyter Notebook work},
  owner        = {S17-IR-2037},
  url          = {http://jupyter.readthedocs.io/en/latest/architecture/how_jupyter_ipython_work.html},
}

@Misc{www-zeppelin,
  key           = {Zeppelin},
  author = {Apache},
  month = {nov},
  year={2016},
  howpublished = {Web Page},
  note         = {Accessed: 2017-03-02},
  title        = {Apache Zeppelin},
  owner        = {S17-IR-2037},
  url          = {http://zeppelin.apache.org/},
}

@Misc{www-zeppelin-int,
  key           = {Zeppelin},
  author = {Apache},
  month = {nov},
  year={2016},
  howpublished = {Web Page},
  note         = {Accessed: 2017-03-02},
  title        = {Interpreters in Apache Zeppelin},
  owner        = {S17-IR-2037},
  url          = {http://zeppelin.apache.org/docs/latest/manual/interpreters.html},
}


@Misc{www-zeppelin-int-install,
  key           = {Zeppelin},
  author = {Apache},
  month = {nov},
  year={2016},
  howpublished = {Web Page},
  note         = {Accessed: 2017-03-02},
  title        = {Interpreters Installation},
  owner        = {S17-IR-2037},
  url          = {https://zeppelin.apache.org/docs/0.6.0/manual/interpreterinstallation.html},
}

@Misc{www-rshiny,
  key           = {rstudio},
  author = {RStudio},
  month = {dec},
  year={2016},
  howpublished = {Web Page},
  note         = {Accessed: 2017-03-22},
  title        = {Shiny},
  owner        = {S17-IR-2037},
  url          = {https://shiny.rstudio.com/},
}

@Misc{www-jupyter-ui,
  key           = {interface},
  author = {Jupyter},
  month = {feb},
  year={2017},
  howpublished = {Web Page},
  note         = {Accessed: 2017-03-02},
  title        = {UI Components - Jupyter Notebook},
  owner        = {S17-IR-2037},
  url          = {http://jupyter-notebook.readthedocs.io/en/latest/ui_components.html},
}

@Misc{www-zeppelin-int-own,
  key           = {Zeppelin},
  author = {Apache},
  month = {nov},
  year={2016},
  howpublished = {Web Page},
  note         = {Accessed: 2017-03-02},
  title        = {Writing a New Interpreter},
  owner        = {S17-IR-2037},
  url          = {http://zeppelin.apache.org/docs/latest/development/writingzeppelininterpreter.html#make-your-own-interpreter},
}

@misc{www-helium-wiki,
   author = {Wikipedia},
   title = {Helium proposal},
   year = {2016},
month={mar},
key={helium},
   url = {https://cwiki.apache.org/confluence/display/ZEPPELIN/Helium+proposal},
   note = "[Online; accessed 21-March-2017]",
Owner={S17-IR-2037}
 }

@Misc{www-jupyterhub,
  key           = {interface},
  author = {Jupyter},
  month = {feb},
  year={2017},
  howpublished = {Web Page},
  note         = {Accessed: 2017-03-22},
  title        = {JupyterHub},
  owner        = {S17-IR-2037},
  url          = {https://jupyterhub.readthedocs.io/en/latest/},
}

@Misc{www-horton-zeppelin,
  key           = {future},
  author = {hortonworks},
  month = {jun},
  year={2016},
  howpublished = {Web Page},
  note         = {Accessed: 2017-03-23},
  title        = {JupyterHub},
  owner        = {S17-IR-2037},
  url          = {https://hortonworks.com/blog/apache-zeppelin-road-ahead/}
}

@Misc{www-beaker,
  key           = {iterative},
  author = {Two Sigma},
  month = {dec},
  year={2016},
  howpublished = {Web Page},
  note         = {Accessed: 2017-03-25},
  title        = {Beaker Notebook},
  owner        = {S17-IR-2037},
  url          = {http://beakernotebook.com/}
}

@Misc{www-sagemath,
  key           = {math},
  author = {Sage Foundation},
  month = {jan},
  year={2017},
  howpublished = {Web Page},
  note         = {Accessed: 2017-03-25},
  title        = {Beaker Notebook},
  owner        = {S17-IR-2037},
  url          = {http://www.sagemath.org/}
}
