@Misc{www-kinesis,
  title        = {{Kinesis} - real-time streaming data in the AWS cloud},
  howpublished = {{Web Page}},
  note         = {Accessed: 2017-01-17},
  owner        = {S17-IO-3005},
  url          = {https://aws.amazon.com/kinesis/},
}

@Article{rivest1992md5,
  author  = {Rivest, Ronald},
  title   = {RFC 1321},
  journal = {The MD-5 Message Digest Algorithm, SRI Network Information Center},
  year    = {1992},
  number  = {1321},
  month   = apr,
  owner   = {S17-IO-3005},
  url     = {https://tools.ietf.org/html/rfc1321},
}

@Misc{www-aws,
  title        = {{AWS} - Amazon Web Services},
  howpublished = {{Web Page}},
  note         = {Accessed: 2017-04-01},
  owner        = {S17-IO-3005},
  url          = {https://aws.amazon.com/},
}

@Misc{www-aws-ec2,
  title        = {{Amazon EC2} Secure and resizable compute capacity in cloud},
  howpublished = {{Web Page}},
  note         = {Accessed: 2017-04-01},
  owner        = {S17-IO-3005},
  url          = {https://aws.amazon.com/ec2/},
}

@Misc{www-aws-vpc,
  title        = {{Amazon} Virtual Private Cloud ({VPC})},
  howpublished = {{Web Page}},
  note         = {Accessed: 2017-04-01},
  owner        = {S17-IO-3005},
  url          = {https://aws.amazon.com/vpc/},
}

@Misc{www-aws-s3,
  title        = {{Amazon S3} simple durable, massively scalable object storage},
  howpublished = {{Web Page}},
  note         = {Accessed: 2017-04-01},
  owner        = {S17-IO-3005},
  url          = {https://aws.amazon.com/s3},
}
@Misc{www-aws-dynamodb,
  title        = {{Amazon S3} fast and flexible {NoSQL} database},
  howpublished = {{Web Page}},
  note         = {Accessed: 2017-04-01},
  owner        = {S17-IO-3005},
  url          = {https://aws.amazon.com/dynamodb/},
}
@Misc{www-kinesis-limits,
  title        = {{Amazon Kinesis} Streams Limits},
  howpublished = {{Web Page}},
  note         = {Accessed: 2017-04-01},
  owner        = {S17-IO-3005},
  url          = {http://docs.aws.amazon.com/streams/latest/dev/service-sizes-and-limits.html},
}

@Misc{Liston2016amazonkinesis,
  author       = {Bryan Liston},
  title        = {Serverless Cross Account Stream Replication Using AWS Lambda, Amazon DynamoDB, and Amazon Kinesis Firehose},
  howpublished = {{Web Page}},
  month        = aug,
  year         = {2016},
  note         = {Accessed: 2017-04-01},
  owner        = {S17-IO-3005},
  timestamp    = {2016-08-03},
  url          = {https://aws.amazon.com/blogs/compute/tag/amazon-kinesis/},
}

@Misc{www-aws-redshift,
  title        = {{Amazon Redshift} fats, simple, cost-effective data warehousing},
  howpublished = {{Web Page}},
  note         = {Accessed: 2017-04-01},
  owner        = {S17-IO-3005},
  url          = {https://aws.amazon.com/redshift/},
}
@Misc{www-aws-es,
  title        = {{Amazon Elasticsearch} Fully managed, reliable, and scalable Elasticsearch service},
  howpublished = {{Web Page}},
  note         = {Accessed: 2017-04-01},
  owner        = {S17-IO-3005},
  url          = {https://aws.amazon.com/elasticsearch-service},
}

@Book{hwang2013distributed,
  title     = {Distributed and cloud computing: from parallel processing to the internet of things},
  publisher = {Morgan Kaufmann},
  year      = {2012},
  author    = {Hwang, Kai and Dongarra, Jack and Fox, Geoffrey C},
  editor    = {Todd Green and Robyn Day},
  isbn      = {978-0-12-385880-1},
  owner     = {S17-IO-3005},
  url       = {https://www.amazon.com/Distributed-Cloud-Computing-Parallel-Processing-ebook/dp/B00GNBLGE4?SubscriptionId=0JYN1NVW651KCA56C102&tag=techkie-20&linkCode=xm2&camp=2025&creative=165953&creativeASIN=B00GNBLGE4},
}

@Misc{www-kinesis-arch,
  title        = {{Amazon Kinesis} Streams Key Concepts},
  howpublished = {{Web Page}},
  note         = {Accessed: 2017-03-15},
  owner        = {S17-IO-3005},
  url          = {http://docs.aws.amazon.com/streams/latest/dev/key-concepts.html},
}

@Article{varia2014overview,
  author  = {Varia, Jinesh and Mathew, Sajee},
  title   = {Overview of amazon web services},
  journal = {Amazon Web Services},
  year    = {2014},
  pages   = {1-22},
  month   = jan,
  owner   = {S17-IO-3005},
  url     = {http://w.emacromall.com/techpapers/Overview%20of%20Amazon%20Web%20Services.pdf},
}

@Misc{www-kinesis-size,
  title        = {{Kinesis} - real-time streaming data in the AWS cloud},
  howpublished = {{Web Page}},
  note         = {Accessed: 2017-03-15},
  owner        = {S17-IO-3005},
  url          = {http://docs.aws.amazon.com/streams/latest/dev/amazon-kinesis-streams.html},
}
@Misc{www-kinesis-javasdk,
  title        = {{Kinesis} - AWS SDK for Java},
  howpublished = {{Web Page}},
  note         = {Accessed: 2017-03-15},
  owner        = {S17-IO-3005},
  url          = {https://aws.amazon.com/sdk-for-java/},
}

@TechReport{deyhim2016kafka,
  author      = {Parviz Deyhim},
  title       = {KAFKA VS. KINESIS},
  institution = {{Datapipe, Inc.}},
  year        = {2016},
  type        = {techreport},
  note        = {last accessed: 2017-03-17},
  timestamp   = {S17-IO-3005},
  url         = {http://go.datapipe.com/whitepaper-kafka-vs-kinesis.pdf},
}

