@Misc{pages,
  Title                    = {Pages - Apache Sqoop},

  Author                   = {{Atlassian Confluence}},
  HowPublished             = {Web Page},

  Owner                    = {S17-IR-2014},
  Timestamp                = {2017.02.27},
  Url                      = {https://cwiki.apache.org/confluence/collector/pages.action?key=SQOOP}
}

@Misc{sqoop-blog,
  Title                    = {Sqoop Presentations and Blogs},

  Author                   = {Veena Basavaraj},
  HowPublished             = {Web Page},
  Month                    = {December},
  Year                     = {2014},

  Owner                    = {S17-IR-2014},
  Timestamp                = {2017.02.27},
  Url                      = {https://cwiki.apache.org/confluence/display/SQOOP/Sqoop+Presentations+and+Blogs}
}

@Misc{cloudera,
  Title                    = {Apache Sqoop -Overview},

  Author                   = {Arvind Prabhakar},
  HowPublished             = {Web Page},
  Month                    = {October},
  Year                     = {2011},

  Owner                    = {S17-IR-2014},
  Timestamp                = {2017.02.27},
  Url                      = {http://blog.cloudera.com/blog/2011/10/apache-sqoop-overview/}
}

@Misc{git,
  Title                    = {sqoop.git},

  Author                   = {{The Apache Software Foundation}},
  HowPublished             = {Web Page},
  Month                    = {February},
  Year                     = {2017},

  Owner                    = {S17-IR-2014},
  Timestamp                = {2017.02.27},
  Url                      = {https://git-wip-us.apache.org/repos/asf?p=sqoop.git;a=summary}
}

@Misc{down,
  Title                    = {Apache Sqoop},

  Author                   = {{The Apache Software Foundation}},
  HowPublished             = {Web Page},
  Month                    = {November},
  Year                     = {2016},

  Owner                    = {S17-IR-2014},
  Timestamp                = {2017.02.27},
  Url                      = {http://sqoop.apache.org/}
}

