@Misc{www-jms-javajsr,
  Title                    = {The Java Community Process(SM) Program},

  Key                      = {JMS Java JSR},
  HowPublished             = {webpage},
  Month                    = {dec},
  Note                     = {Accessed : 02-24-2017},
  Year                     = {2003},
  Owner                    = {S17-IR-2036},
  Url                      = {https://jcp.org/aboutJava/communityprocess/final/jsr914/index.html}
}


@Misc{www-jms-oracle,
  Title                    = {Java Message Service(JMS)},
  Key                      = {JMS Oracle},
  HowPublished             = {webpage},
  Note                     = {Accessed : 02-24-2017},
  Owner                    = {S17-IR-2036},
  Url                      = {http://www.oracle.com/technetwork/java/jms/index.html}
}


@Misc{www-jms-tutorialoracle,
  Title                    = {Java Message Service(JMS)},
  Key                      = {JMS Tutorial Oracle},
  HowPublished             = {webpage},
  Note                     = {Accessed : 02-25-2017},
  Owner                    = {S17-IR-2036},
  Url                      = {http://docs.oracle.com/javaee/6/tutorial/doc/bncdr.html}
}

@Misc{www-jms-wiki,
  Title                    = {Java Message Service - Wikipedia},
  Author                   = {Wikipedia},
  HowPublished             = {webpage},
  Note                     = {Accessed : 02-26-2017},
  Owner                    = {S17-IR-2036},
  Url                      = {https://en.wikipedia.org/wiki/Java_Message_Service}
}


@Misc{www-rpc-wiki,
  Title                    = {Remote procedure call - Wikipedia},
  Author                   = {Wikipedia},
  HowPublished             = {webpage},
  Note                     = {Accessed : 02-26-2017},
  Owner                    = {S17-IR-2036},
  Url                      = {https://en.wikipedia.org/wiki/Remote_procedure_call}
}

@Misc{www-activemq-usecases,
  Title                    = {Apache ActiveMQ Usecases},
  Key                      = {ActiveMQ usecase},
  HowPublished             = {webpage},
  Note                     = {Accessed : 04-05-2017},
  Owner                    = {S17-IR-2036},
  Url                      = {http://activemq.apache.org/use-cases.html}
}

@Misc{www-jndi-wiki,
  Title                    = {Java Naming And Directory Interface - Wikipedia},
  Author                   = {Wikipedia},
  HowPublished             = {webpage},
  Note                     = {Accessed : 04-05-2017},
  Owner                    = {S17-IR-2036},
  Url                      = {https://en.wikipedia.org/wiki/Java_Naming_and_Directory_Interface}
}


@Misc{www-rmi-wiki,
  Title                    = {Java remote method invocation - Wikipedia},
  Author                   = {Wikipedia},
  HowPublished             = {webpage},
  Note                     = {Accessed : 04-05-2017},
  Owner                    = {S17-IR-2036},
  Url                      = {https://en.wikipedia.org/wiki/Java_remote_method_invocation}
}

@Article{www-jms-fischli-article,
  Title                    = {Java Message Service},
  Author                   = {Stephan Fischli},
  Year                     = {2005},

  Address                  = {Germany},
  Numpages                 = {38},
  Owner                    = {S17-IR-2036},
  Publisher                = {Bern University Of Applied Sciences},
  Url                      = {http://www.sws.bfh.ch/~fischli/skripte/JMS.pdf}
}


