@Misc{Drill,
  title        = {Apache Drill
  Schema-free SQL Query Engine for Hadoop, NoSQL and Cloud Storage},
  howpublished = {Web Page},
  note         = {Online; accessed 23-Feb-2017},
  key          = {www-Apache-Drill},
  owner        = {S17-IR-2034},
  url          = {https://drill.apache.org/},
}


@Misc{Drillbit,
	
	title        = {Architecture Introduction - Apache Drill},
	howpublished = {Web Page},
	note         = {Online; accessed 23-Feb-2017},
	key          = {www-Drill-Arch},
	owner        = {S17-IR-2034},
		url          = {https://drill.apache.org/docs/architecture-introduction/},
}

@Misc{Query-Execution,
	
	title        = {Drill Query Execution - Apache Drill
	},
	howpublished = {Web Page},
	note         = {Online; accessed 23-Feb-2017},
	key          = {www-Drill-Query-Execution},
	owner        = {S17-IR-2034},
	url          = {https://drill.apache.org/docs/drill-query-execution/},
}

@Misc{Tutorial,
	
	title        = {Tutorials Introduction - Apache Drill},
	howpublished = {Web Page},
	note         = {Online; accessed 23-Feb-2017},
	key          = {www-Apache-Drill},
	owner        = {S17-IR-2034},
	url          = {https://drill.apache.org/docs/tutorials-introduction/},
}

@Misc{Tableau,
	title        = {Business Intelligence and Analytics | Tableau Software},
	howpublished = {Web Page},
	note         = {Online; accessed 15-March-2017},
	key          = {www-Tableau},
	owner        = {S17-IR-2034},
	url          = {https://www.tableau.com/},
}

@Misc{NoSQL,
	title        = {NoSQL Databases Explained | MongoDB},
	howpublished = {Web Page},
	note         = {Online; accessed 15-March-2017},
	key          = {www-NoSQL},
	owner        = {S17-IR-2034},
	url          = {https://www.mongodb.com/nosql-explained},
}

@Misc{Apache-Zookeeper,
	title        = {Apache ZooKeeper - Home},
	howpublished = {Web Page},
	note         = {Online; accessed 15-March-2017},
	key          = {www-Apache-Zookeeper},
	owner        = {S17-IR-2034},
	url          = {https://zookeeper.apache.org/},
}