@Misc{Weather-Data,
  Title                    = {Weather Data},
  HowPublished             = {Web page},
  Url                      = {https://www.ncdc.noaa.gov/}
}

@Misc{Disaster-List-Data,
  Title                    = {Natural Disaster},
  HowPublished             = {Web page},
  Url                      = {http://www.emdat.be/}
}

@Misc{Geo-Magnetic-Data,
  Title                    = {Geo Magnetic Field Data},
  HowPublished             = {Web page},
  Url                      = {https://geohazards.usgs.gov/mailman/listinfo/geomag-data}
}
