@Misc{www-graylogprocessing-severalnines,
  Title                    = {High Availibility Log Processing with Graylog,MongoDB and Elastic Search},

  Author                   = {Severalnines},
  HowPublished             = {webpage},
  Month                    = {Mar},
  Note                     = {Accessed : 03-19-2017},
  Year                     = {2016},

 
  Owner                    = {S17-IR-2036},
  Url                      = {https://severalnines.com/blog/high-availability-log-processing-graylog-mongodb-and-elasticsearch}
}

@Misc{www-graylog-hightech,
  Title                    = {High Tech Grunderfonds | Graylog raises \$2.5 million to expand opensource Big Data Analytics Platform},
  Key                      = {Graylog - High Tech Grunderfonds},
  HowPublished             = {webpage},
  Note                     = {Accessed : 04-09-2017},
  Month                    = {Feb},
  Year                     = {2015},
  Owner                    = {S17-IR-2036},
  Url                      = {http://high-tech-gruenderfonds.de/en/graylog-raises-2-5-million-to-expand-open-source-big-data-analytics-platform/}
}

@Misc{www-graylog-docs,
  Title                    = {Architectural consideration - Graylog 2.2.1 documentation},
  Key                      = {Graylog Docs},
  HowPublished             = {webpage},
  Note                     = {Accessed : 03-19-2017},
  Owner                    = {S17-IR-2036},
  Url                      = {http://docs.graylog.org/en/2.2/pages/architecture.html}
}

@Misc{www-graylog-org,
  Title                    = {Graylog | Open Source Log Management},
  Key                      = {Graylog Org},
  HowPublished             = {webpage},
  Note                     = {Accessed : 03-19-2017},
  Owner                    = {S17-IR-2036},
  Url                      = {https://www.graylog.org/}
}

@Misc{www-graylog-sending_data,
  Title                    = {Sending in log data - Graylog 2.2.1 documentation},
  Key                      = {Graylog sending data},
  HowPublished             = {webpage},
  Note                     = {Accessed : 03-20-2017},
  Owner                    = {S17-IR-2036},
  Url                      = {http://docs.graylog.org/en/2.2/pages/sending_data.html}
}

@Misc{www-graylog-alerts,
  Title                    = {Alerts - Graylog 2.2.1 documentation},
  Key                      = {Graylog alerts},
  HowPublished             = {webpage},
  Note                     = {Accessed : 03-20-2017},
  Owner                    = {S17-IR-2036},
  Url                      = {http://docs.graylog.org/en/2.2/pages/streams/alerts.html}
}

@Misc{www-graylog-streams,
  Title                    = {Streams - Graylog 2.2.1 documentation},
  Key                      = {Graylog streams},
  HowPublished             = {webpage},
  Note                     = {Accessed : 03-20-2017},
  Owner                    = {S17-IR-2036},
  Url                      = {http://docs.graylog.org/en/2.2/pages/streams.html}
}

@Misc{www-graylog-dashboards,
  Title                    = {Dashboards - Graylog 2.2.1 documentation},
  Key                      = {Graylog dashboards},
  HowPublished             = {webpage},
  Note                     = {Accessed : 03-20-2017},
  Owner                    = {S17-IR-2036},
  Url                      = {http://docs.graylog.org/en/2.2/pages/dashboards.html}
}

@Misc{www-graylog-blacklisting,
  Title                    = {Blacklisting - Graylog 2.2.1 documentation},
  Key                      = {Graylog blacklisting},
  HowPublished             = {webpage},
  Note                     = {Accessed : 03-20-2017},
  Owner                    = {S17-IR-2036},
  Url                      = {http://docs.graylog.org/en/2.2/pages/blacklisting.html}
}

@Misc{www-graylog-restapi,
  Title                    = {Graylog REST API - Graylog 2.2.1 documentation},
  Key                      = {Graylog REST API},
  HowPublished             = {webpage},
  Note                     = {Accessed : 03-21-2017},
  Owner                    = {S17-IR-2036},
  Url                      = {http://docs.graylog.org/en/2.2/pages/configuration/rest_api.html}
}

@Misc{www-elasticsearch-wiki,
  Title                    = {Elasticsearch - Wikipedia},
  Author                   = {Wikipedia},
  HowPublished             = {webpage},
  Note                     = {Accessed : 04-09-2017},
  Owner                    = {S17-IR-2036},
  Url                      = {https://en.wikipedia.org/wiki/Elasticsearch}
}


@Misc{www-ids-wiki,
  Title                    = {Intrusion Detection System - Wikipedia},
  Author                   = {Wikipedia},
  HowPublished             = {webpage},
  Note                     = {Accessed : 04-09-2017},
  Owner                    = {S17-IR-2036},
  Url                      = {https://en.wikipedia.org/wiki/Intrusion_detection_system}
}

@Misc{www-mongodb-wiki,
  Title                    = {MongoDB - Wikipedia},
  Author                   = {Wikipedia},
  HowPublished             = {webpage},
  Note                     = {Accessed : 04-09-2017},
  Owner                    = {S17-IR-2036},
  Url                      = {https://en.wikipedia.org/wiki/MongoDB}
}

@Misc{www-apachelucene-org,
  Title                    = {{Apache Lucene} - Welcome to Apache Lucene},
  Key                      = {apache lucene org},
  HowPublished             = {webpage},
  Note                     = {Accessed : 04-09-2017},
  Owner                    = {S17-IR-2036},
  Url                      = {https://lucene.apache.org/}
}

@Misc{www-apachekafka-org,
  Title                    = {{Apache Kafka}},
  Key                      = {apache kafka},
  HowPublished             = {webpage},
  Note                     = {Accessed : 04-09-2017},
  Owner                    = {S17-IR-2036},
  Url                      = {https://kafka.apache.org/}
}

@Misc{www-rabbitmq-com,
  Title                    = {{Rabbit MQ} - Messaging that just works},
  Key                      = {rabbitmq},
  HowPublished             = {webpage},
  Note                     = {Accessed : 04-09-2017},
  Owner                    = {S17-IR-2036},
  Url                      = {https://www.rabbitmq.com/}
}


@Misc{www-rest-wiki,
  Title                    = {Representational state transfer-Wikipedia},
  Author                   = {Wikipedia},
  HowPublished             = {webpage},
  Note                     = {Accessed : 04-09-2017},
  Owner                    = {S17-IR-2036},
  Url                      = {https://en.wikipedia.org/wiki/Representational_state_transfer}
}

@Misc{www-rfc5424-ietf,
  Title                    = {https://www.ietf.org/rfc/rfc5424.txt},
  Author                   = {R. Gerhards},
  Year                     = {2009},
  Month                    = {Mar},
  HowPublished             = {webpage},
  Note                     = {Accessed : 04-09-2017},
  Owner                    = {S17-IR-2036},
  Url                      = {https://www.ietf.org/rfc/rfc5424.txt}
}

@Misc{www-rfc3164-ietf,
  Title                    = {https://www.ietf.org/rfc/rfc3164.txt},
  Author                   = {C. Lonvick},
  Year                     = {2001},
  Month                    = {Aug},
  HowPublished             = {webpage},
  Note                     = {Accessed : 04-09-2017},
  Owner                    = {S17-IR-2036},
  Url                      = {https://www.ietf.org/rfc/rfc3164.txt}
}

@Misc{www-drools-org,
  Title                    = {Drools - Drools -Business Rules Management System(Java, Open Source)},
  Key                      = {Drools org},
  HowPublished             = {webpage},
  Note                     = {Accessed : 04-09-2017},
  Owner                    = {S17-IR-2036},
  Url                      = {https://www.drools.org/}
}


@Misc{www-splunk,
  Title                    = {Operational Intelligence, Log Management, Application Management, Enterprise Security and Compliance | Splunk},
  Key                      = {Splunk home},
  HowPublished             = {webpage},
  Note                     = {Accessed : 04-09-2017},
  Owner                    = {S17-IR-2036},
  Url                      = {https://www.splunk.com/}
}

@Misc{www-graylogvssplunk-article,
  Title                    = {Open source Graylog puts Splunk on notice | Infoworld},

  Author                   = {Serdar Yegulalp},
  HowPublished             = {webpage},
  Month                    = {Feb},
  Note                     = {Accessed : 04-09-2017},
  Year                     = {2015},

 
  Owner                    = {S17-IR-2036},
  Url                      = {http://www.infoworld.com/article/2885752/log-analysis/open-source-graylog-puts-splunk-on-notice.html}
}

@Misc{www-logmanagementtools-blog,
  Title                    = {The 7 log management tools you need to know | Takipi Blog},

  Author                   = {Tal Weiss},
  HowPublished             = {webpage},
  Month                    = {Apr},
  Note                     = {Accessed : 04-09-2017},
  Year                     = {2014},

 
  Owner                    = {S17-IR-2036},
  Url                      = {http://blog.takipi.com/the-7-log-management-tools-you-need-to-know/}
}