@Misc{www-usgs1,
  author       = {USGS},
  title        = {Earthquake Hazards Program},
  howpublished = {Web Page},
  owner        = {S17-IO-3017},
  url          = {https://earthquake.usgs.gov/},
}


@Misc{www-usgs2,
  author       = {USGS},
  title        = {About Us - Program Overview},
  howpublished = {Web Page},
  owner        = {S17-IO-3017},
  url          = {https://earthquake.usgs.gov/aboutus/},
}
