@InProceedings{book-tao1,
  author    = {Nathan Bronson and others, Facebook, Inc.},
  title     = {TAO: Facebook’s Distributed Data Store for the Social Graph},
  booktitle = {2013 USENIX Annual Technical Conference},
  year      = {2013},
  owner     = {S17-IO-3017},
  url       = {http://ai2-s2-pdfs.s3.amazonaws.com/39ac/2e0fc4ec63753306f99e71e0f38133e58ead.pdf},
}

@Misc{www-tao1,
  author       = {Venkat Venkataramani},
  title        = {What is the TAO cache used for at Facebook},
  howpublished = {Web Page},
  month        = {June},
  year         = {2013},
  owner        = {S17-IO-3017},
  url          = {https://www.quora.com/What-is-the-TAO-cache-used-for-at-Facebook,
}

@Misc{www-tao2,
  author       = {Mark Marchukov},
  title        = {TAO: The power of the graph},
  howpublished = {Web Page},
  month        = {June},
  year         = {2013},
  owner        = {S17-IO-3017},
  url          = {https://www.facebook.com/notes/facebook-engineering/tao-the-power-of-the-graph/10151525983993920/},
}

@Misc{www-tao3,
  author       = {Nathan Bronson},
  title        = {TAO: Facebook’s Distributed Data Store for the Social Graph},
  howpublished = {Slides},
  month        = {June},
  year         = {2013},
  owner        = {S17-IO-3017},
  url          = {https://www.usenix.org/node/174510},
}

@Misc{www-tao4,
  author       = {Nitish Upreti},
  title        = {Facebook's TAO & Unicorn data storage and search platforms},
  howpublished = {Slides},
  month        = {April},
  year         = {2015},
  owner        = {S17-IO-3017},
  url          = {https://www.slideshare.net/nitishupreti/faceboko-tao-unicorn},
}

