@Misc{www-apache-spark,
title = {Spark Programming Guide - Spark 2.1.0 Documentation},
key = {apachesparkdoc},
note ={Accessed: 02-22-2017},
howpublished ={Article},
author = {Apache Software Foundation},
url ={http://spark.apache.org/docs/latest/programming-guide.html}
}

@Misc{wiki-DAG,
title = {Directed Acyclic Graph - Wikipedia},
key = {apachesparkwiki},
note ={Accessed: 02-26-2017},
howpublished ={Article},
publisher = {wikipedia},
url ={https://en.wikipedia.org/wiki/Directed_acyclic_graph}
}

@Misc{www-spark-cluster,
title = {Cluster Mode Overview - Spark 2.1.0 Documentation},
key = {sparkclusterdoc},
note ={Accessed: 02-22-2017},
howpublished ={Article},
author = {Apache Software Foundation},
url ={http://spark.apache.org/docs/latest/cluster-overview.html},
}

@Article{article-spark-1,
  author  = {Amol Bansod},
  title   = {Efficient Big Data Analysis with Apache Spark in HDFS},
  journal = {International Journal of Engineering and Advanced Technology (IJEAT)},
  year    = {2015},
  volume  = {4},
  number  = {6},
  pages   = {313--316},
  month   = {aug},
  issn    = {2249 â€“ 8958},
}

@Book{book-spark,
  title     = {Learning Spark: Lightning-Fast Big Data Analytics},
  publisher = {O'Reilly Media, Inc.},
  year      = {2015},
  author    = {Holden Karau and Andy Konwinski and Patrick Wendell and Matei Zaharia},
  edition   = {1st},
  month     = {feb},
  isbn      = {1449358624, 9781449358624},
  url       = {https://www.safaribooksonline.com/library/view/learning-spark/9781449359034/},
}

@article{article-spark-2,
 author    = {Matei Zaharia and
               Reynold S. Xin and
               Patrick Wendell and
               Tathagata Das and
               Michael Armbrust and
               Ankur Dave and
               Xiangrui Meng and
               Josh Rosen and
               Shivaram Venkataraman and
               Michael J. Franklin and
               Ali Ghodsi and
               Joseph Gonzalez and
               Scott Shenker and
               Ion Stoica},
 title = {Apache Spark: A Unified Engine for Big Data Processing},
 journal = {Commun. ACM},
 issue_date = {November 2016},
 volume = {59},
 number = {11},
 month = oct,
 year = {2016},
 issn = {0001-0782},
 pages = {56--65},
 numpages = {10},
 url = {http://doi.acm.org/10.1145/2934664},
 doi = {10.1145/2934664},
 publisher = {ACM},
 address = {New York, NY, USA},
} 

@inproceedings{paper-RDD,
  author    = {Matei Zaharia and
               Mosharaf Chowdhury and
               Tathagata Das and
               Ankur Dave and
               Justin Ma and
               Murphy McCauly and
               Michael J. Franklin and
               Scott Shenker and
               Ion Stoica},
  title     = {Resilient Distributed Datasets: {A} Fault-Tolerant Abstraction for
               In-Memory Cluster Computing},
  booktitle = {Proceedings of the 9th {USENIX} Symposium on Networked Systems Design
               and Implementation, {NSDI} 2012, San Jose, CA, USA, April 25-27, 2012},
  pages     = {15--28},
  year      = {2012},
  publisher = {USENIX Association},
  address = {Berkeley, CA, USA},
  url       = {https://www.usenix.org/conference/nsdi12/technical-sessions/presentation/zaharia},
  
}

@Misc{www-spark-2,
title = {Apache Spark Ecosystem and Spark Components},
url = {https://www.dezyre.com/article/apache-spark-ecosystem-and-spark-components/219},
note = {Apache Spark Ecosystem and Spark Components},
key = {sparkecopage},
month = feb,
year= {2016},
publisher ={DeZyre}
}