@Misc{fag,
  title        = {Allegro Graph},
  howpublished = {Web Page},
  note         = {Online; accessed 24-Feb-2017},
  key          = {www-allegro-graph},
  owner        = {S17-IR-2044},
  url          = { http://allegrograph.com/},
}


@Misc{wag,
	
	title        = {Introduction- Allegro Graph},
	howpublished = {Web Page},
	note         = {Online; accessed 24-Feb-2017},
	key          = {www-Wiki-Allegrograph},
	owner        = {S17-IR-2044},
	url          = {https://en.wikipedia.org/wiki/AllegroGraph/},
}

@Misc{str,
	
	title        = {Semantic Triple},
	howpublished = {Web Page},
	note         = {Online; accessed 24-Feb-2017},
	key          = {www-Wiki-Semantictriple},
	owner        = {S17-IR-2044},
	url          = {https://en.wikipedia.org/wiki/Semantic_triple/},
}


@Misc{dbe,
	
	title        = {Popularity DB Engine},
	howpublished = {Web Page},
	note         = {Online; accessed 23-Feb-2017},
	key          = {www-DB-Engine},
	owner        = {S17-IR-2044},
	url          = {http://db-engines.com/en/ranking_trend/system/AllegroGraph},
}
@Misc{tut,
	
	title        = {Allegro Graph Tutorial},
	howpublished = {Web Page},
	note         = {Online; accessed 24-Feb-2017},
	key          = {www-Franz-Agraph},
	owner        = {S17-IR-2044},
	url          = {http://franz.com/agraph/support/documentation/current/agraph-tutorial.html/},
}
