@Misc {www-samza,
  key =		 {samza},
  howpublished = {Web Page},
  url =		 {http://samza.apache.org}
}

@inproceedings{paper1,
  title={A memory capacity model for high performing data-filtering applications in Samza framework},
  author={Feng, Tao and Zhuang, Zhenyun and Pan, Yi and Ramachandra, Haricharan},
  booktitle={Big Data (Big Data), 2015 IEEE International Conference on},
  pages={2600--2605},
  year={2015},
  organization={IEEE}
}

@article{paper2,
  title={Kafka, Samza and the Unix philosophy of distributed data},
  author={Kleppmann, Martin and Kreps, Jay},
  journal={Bulletin of the IEEE CS Technical Committee on Data Engineering},
  year={2015}
}

@article{paper3,
  title={Building a replicated logging system with Apache Kafka},
  author={Wang, Guozhang and Koshy, Joel and Subramanian, Sriram and Paramasivam, Kartik and Zadeh, Mammad and Narkhede, Neha and Rao, Jun and Kreps, Jay and Stein, Joe},
  journal={Proceedings of the VLDB Endowment},
  volume={8},
  number={12},
  pages={1654--1655},
  year={2015},
  publisher={VLDB Endowment}
}

@article{paper4,
  title={Efficiency of stream processing engines for processing BIGDATA Streams},
  author={Srikanth, BVS and Reddy, V Krishna},
  journal={Indian Journal of Science and Technology},
  volume={9},
  number={14},
  year={2016}
}

@article{paper5,
  title={An evaluation of data stream processing systems for data driven applications},
  author={Samosir, Jonathan and Indrawan-Santiago, Maria and Haghighi, Pari Delir},
  journal={Procedia Computer Science},
  volume={80},
  pages={439--449},
  year={2016},
  publisher={Elsevier}
}
