% This file was created with JabRef 2.10.
% Encoding: UTF-8


@TechReport{archSummary,
  Title                    = {Architectural Summary and Motivation for	Paradigm4â€™s SciDB},
  Author                   = {Paradigm4},
  Institution              = {Paradigm4},
  Type                     = {Whitepaper},

  Owner                    = {S17-IO-3014},
  Url                      = {http://discover.paradigm4.com/scidb-database-for-21st-century.html}
}

@Misc{www-scidb-releasenotes,
  Title                    = {Index of SciDB Releases},

  Author                   = {Alex Poliakov},
  HowPublished             = {Web Page},
  Month                    = {mar},
  Year                     = {2015},

  Owner                    = {S17-IO-3014},
  Url                      = {http://forum.paradigm4.com/t/index-of-scidb-releases/773}
}

@Misc{www-stonebraker-interview,
  Title                    = {High programming overhead for NoSQL},

  Author                   = {Jack Vaughan},
  HowPublished             = {blog},
  Month                    = {dec},
  Year                     = {2011},

  Owner                    = {S17-IO-3014},
  Url                      = {http://searchmicroservices.techtarget.com/blog/Microservices-Matters/Stonebraker-sees-high-programming-overhead-for-NoSQL}
}

@Misc{www-rasdaman-impact,
  Title                    = {Rasdaman - Impact and uses},
  HowPublished             = {Web Page},

  Owner                    = {S17-IO-3014}
}

@Misc{www-scidb-mac,
  Title                    = {Multidimensional Array Clustering},
  HowPublished             = {Web Page},
  Year                     = {2017},

  Owner                    = {S17-IO-3014}
}

