@Misc{www-cdap-cloudera-manager,
  author       = {CASK},
  title        = {Installation using Cloudera Manager},
  howpublished = {Web Page},
  note         = {Online; accessed 18-Feb-2017},
  key          = {www-cdap-cloudera-manager},
  owner        = {S17-IO-3000},
  url          = {http://docs.cask.co/cdap/current/en/admin-manual/installation/cloudera.html#admin-installation-cloudera},
}

@Misc{www-cdap-emr,
  author       = {CASK},
  title        = {Installation on Amazon EMR using Bootstrap Actions},
  howpublished = {Web Page},
  note         = {Online; accessed 18-Feb-2017},
  key          = {www-cdap-emr},
  owner        = {S17-IO-3000},
  url          = {http://docs.cask.co/cdap/current/en/admin-manual/installation/emr.html},
}

@Misc{www-cdap-hadoop-support,
  author       = {CASK},
  title        = {Hadoop Compatibility},
  howpublished = {Web Page},
  note         = {Online; accessed 18-Feb-2017},
  key          = {www-cdap-hadoop-support},
  owner        = {S17-IO-3000},
  url          = {http://docs.cask.co/cdap/current/en/admin-manual/hadoop-compatibility.html},
}

@Misc{www-cdap-deployment,
  author       = {CASK},
  title        = {System Requirements},
  howpublished = {Web Page},
  note         = {Online; accessed 18-Feb-2017},
  key          = {www-cdap-deployment},
  owner        = {S17-IO-3000},
  url          = {http://docs.cask.co/cdap/current/en/admin-manual/system-requirements.html},
}

@Misc{github-cdap-apps,
  title        = {CDAP Applications},
  howpublished = {Code Repository},
  month        = may,
  year         = {2015},
  note         = {Accessed: 2017-2-18},
  key          = {github-cdap-apps},
  owner        = {S17-IO-3000},
  url          = {https://github.com/caskdata/cdap-apps},
}

@Misc{www-cdap-getting-started,
  author       = {CASK},
  title        = {Getting Started Developing with CDAP},
  howpublished = {Web Page},
  note         = {Online; accessed 18-Feb-2017},
  key          = {www-cdap-getting-started},
  owner        = {S17-IO-3000},
  url          = {http://docs.cask.co/cdap/current/en/developers-manual/getting-started/index.html},
}

@Misc{www-cdap-license,
  author       = {CASK},
  title        = {CDAP Product License},
  howpublished = {Web Page},
  note         = {Online; accessed 18-Feb-2017},
  key          = {cdap-license},
  owner        = {S17-IO-3000},
  url          = {http://docs.cask.co/cdap/4.0.0/en/reference-manual/licenses/index.html#cdap-product-license},
}

@Misc{www-cascading,
  author       = {Cascading},
  title        = {Cascading},
  howpublished = {Web Page},
  note         = {Online; accessed 18-Feb-2017},
  key          = {www-cascading},
  owner        = {S17-IO-3000},
  url          = {http://www.cascading.org/projects/cascading/},
}

@Misc{www-talend,
  author       = {Talend},
  title        = {Talend Products - Big Data Integration},
  howpublished = {Web Page},
  note         = {Online; accessed 18-Feb-2017},
  key          = {www-talend},
  owner        = {S17-IO-3000},
  url          = {https://www.talend.com/products/big-data/},
}

@Misc{www-data-arch-hortonworks,
  author       = {Hortonworks},
  title        = {A Modern Data Architecture with Apache™ Hadoop®},
  howpublished = {Web Page},
  note         = {Online; accessed 18-Feb-2017},
  key          = {www-data-arch-hortonworks},
  owner        = {S17-IO-3000},
  url          = {http://info.hortonworks.com/rs/h2source/images/Hadoop-Data-Lake-white-paper.pdf},
}


@Misc{www-cask-io,
  author       = {CASK},
  title        = {CASK - The First Unified Integration Platform for Big Data},
  howpublished = {Web Page},
  note         = {Online; accessed 18-Feb-2017},
  key          = {www-cask-io},
  owner        = {S17-IO-3000},
  url          = {http://cask.co/},
}

@Misc{www-cask-hydrator,
  author       = {CASK},
  title        = {CASK - Hydrator},
  howpublished = {Web Page},
  note         = {Online; accessed 18-Feb-2017},
  key          = {www-cask-hydrator},
  owner        = {S17-IO-3000},
  url          = {http://cask.co/products/hydrator/},
}

@Misc{www-cdap-architecture,
  author       = {CASK},
  title        = {The First Unified Integration Platform For BigData That
  Cuts Down The Time to Production For Data Applications And Data Lakes By 80%},
  howpublished = {Web Page},
  note         = {Online; accessed 20-Mar-2017},
  key          = {www-cdap-architecture},
  owner        = {S17-IO-3000},
  url          = {https://cask.co/products/cdap/},
}

@Misc{www-hdp-dataplatform,
  author       = {Hortonworks},
  title        = {Hortonworks Data Platform},
  howpublished = {Web Page},
  note         = {Online; accessed 20-Mar-2017},
  key          = {www-hdp-dataplatform},
  owner        = {S17-IO-3000},
  url          = {https://hortonworks.com/products/data-center/hdp/},
}