@InProceedings{las14cloudmeshmultiple,
  title =	 {{Accessing Multiple Clouds with Cloudmesh}},
  author =	 {von Laszewski, Gregor and Wang, Fugang and Lee,
                  Hyungro and Chen, Heng and Fox, Geoffrey C.},
  booktitle =	 {Proceedings of the 2014 ACM International Workshop
                  on Software-defined Ecosystems},
  year =	 2014,
  address =	 {New York, NY, USA},
  pages =	 {21--28},
  publisher =	 {ACM},
  series =	 {BigSystem '14},
  acmid =	 2609638,
  doi =		 {10.1145/2609441.2609638},
  isbn =	 {978-1-4503-2909-5},
  keywords =	 {cloud computing},
  location =	 {Vancouver, BC, Canada},
  numpages =	 8,
  url =		 {http://doi.acm.org/10.1145/2609441.2609638}
}

@misc{www-i524,
  author =	 {{Gregor von Laszewski and Badi Abdul-Wahid}},
  title =	 {{Big Data Classes}},
  url =		 {https://cloudmesh.github.io/classes/},
  howpublished = {Web Page},
  address =	 {Indiana University},
  year =	 2017,
  month =	 jan
}

@Misc {www-underscore,
  key =		 {google},
  howpublished = {Web Page},
  url =		 {http://www.google.com/some_underscore}
}

@Misc{www-spark,
  title= {Apache Spark},
  howpublished= {webpage},
  url= {http://spark.apache.org/},
  owner={S17-IR-2016}
}

@Misc{www-mllib,
  title= {Apache Spark's MLlib},
  howpublished= {webpage},
  url= {http://spark.apache.org/mllib/},
  owner={S17-IR-2016}
}

@Misc{www-hadoop,
  title= {Apache Hadoop},
  howpublished= {webpage},
  url= {http://hadoop.apache.org/},
  owner={S17-IR-2016}
}

@Misc{www-mahout,
  title= {Apache Mahout},
  howpublished= {webpage},
  url= {http://mahout.apache.org/},
  owner={S17-IR-2016}
}

@Misc{www-storm,
  title= {Storm},
  howpublished= {webpage},
  url= {http://storm.apache.org},
  owner={S17-IR-2016}
}

@Misc{www-mapreduce,
  title= {Hadoop MapReduce},
  howpublished= {webpage},
  url= {https://en.wikipedia.org/wiki/MapReduce},
  owner={S17-IR-2016}
}

@Misc{www-mlbase-paper,
  title= {MLBase project paper},
  howpublished= {webpage},
  url= {http://cidrdb.org/cidr2013/Papers/CIDR13_Paper118.pdf},
  owner={S17-IR-2016}
}

@Misc{www-pca,
  title= {Principal Component Analysis},
  howpublished= {webpage},
  url= {https://en.wikipedia.org/wiki/Principal_component_analysis},
  owner={S17-IR-2016}
}

@Misc{www-naivebayes,
  title= {Naive Bayes},
  howpublished= {webpage},
  url= {https://en.wikipedia.org/wiki/Naive_Bayes_classifier},
  owner={S17-IR-2016}
}

@Misc{www-decisiontrees,
  title= {Decision Trees},
  howpublished= {webpage},
  url= {https://en.wikipedia.org/wiki/Decision_tree},
  owner={S17-IR-2016}
}

@Misc{www-kmeansproblem,
  title= {K-Means Problem},
  howpublished= {webpage},
  url= {https://en.wikipedia.org/wiki/K-means_clustering},
  owner={S17-IR-2016}
}

@Misc{www-linearleastsquares,
  title= {Linear Least Squares},
  howpublished= {webpage},
  url= {https://en.wikipedia.org/wiki/Linear_least_squares_(mathematics)},
  owner={S17-IR-2016}
}

@Misc{www-logisticregression,
  title= {Logistic Regression},
  howpublished= {webpage},
  url= {http://www.statisticssolutions.com/what-is-logistic-regression/},
  owner={S17-IR-2016}
}

@Misc{www-lasso,
  title= {Lasso Statistics},
  howpublished= {webpage},
  url= {https://en.wikipedia.org/wiki/Lasso_(statistics)},
  owner={S17-IR-2016}
}

@Misc{www-scikitlearn,
  title= {python scikit-learn},
  howpublished= {webpage},
  url= {http://scikit-learn.org/stable/},
  owner={S17-IR-2016}
}

@Misc{www-H2O,
  title= {H2O},
  howpublished= {webpage},
  url= {https://en.wikipedia.org/wiki/H2O_(software)},
  owner={S17-IR-2016}
}

@Misc{www-xgboost,
  title= {xgboost},
  howpublished= {webpage},
  url= {https://xgboost.readthedocs.io/},
  owner={S17-IR-2016}
}

@Misc{MovieRecommender,
  title        = {Movie Recommender using MLlib},
  howpublished = {webpage},
  url          = {http://ampcamp.berkeley.edu/big-data-mini-course/movie-recommendation-with-mllib.html},
  owner        = {S17-IR-2016},
}

@Misc{www-churnprediction,
  title= {Churn Prediction},
  howpublished= {webpage},
  url= {https://docs.microsoft.com/en-us/azure/machine-learning/machine-learning-azure-ml-customer-churn-scenario},
  owner={S17-IR-2016}
}

@Misc{TelcoChurn,
  title        = {Prediction of Telco Churn },
  howpublished = {webpage},
  url          = {https://blog.cloudera.com/blog/2016/02/how-to-predict-telco-churn-with-apache-spark-mllib/ },
  owner        = {S17-IR-2016},
}

@Misc{www-mllib-guide,
  title = {Guide for MLlib },
  howpublished = {webpage},
  url = {https://spark.apache.org/docs/latest/ml-guide.html},
  owner = {S17-IR-2016}
}

@Misc{Analysis-webpage,
  title = {Analysis of various machine learning packages },
  howpublished = {webpage},
  url = { https://github.com/szilard/benchm-ml },
  owner = {S17-IR-2016}
}

@article{MLlib-article,
  author    = {Xiangrui Meng and Joseph K. Bradley and Burak Yavuz and
                  Evan R. Sparks and Shivaram Venkataraman and Davies
                  Liu and Jeremy Freeman and D. B. Tsai and Manish
                  Amde and Sean Owen and Doris Xin and Reynold Xin and
                  Michael J. Franklin and Reza Zadeh and Matei Zaharia
                  and Ameet Talwalkar},
  title     = {MLlib: Machine Learning in Apache Spark},
  journal   = {CoRR},
  volume    = {abs/1505.06807},
  year      = {2015},
  url       = {http://arxiv.org/abs/1505.06807},
  timestamp = {Mon, 01 Jun 2015 14:13:54 +0200},
  biburl    ={ http://dblp.uni-trier.de/rec/bib/journals/corr/MengBYSVLFTAOXX15},
  bibsource = {dblp computer science bibliography, http://dblp.org},
  owner = {S17-IR-2016}
}

@inproceedings{paper-MLBase,
  author    = {Tim Kraska and Ameet Talwalkar and John Duchi and Rean
                  Griffith and and Michael J. Franklin and Michael
                  Jordan},
  title     = {MLbase: A Distributed Machine-learning System},
  year      = {2013},
  booktitle = {6th Biennial Conference on Innovative Data Systems Research(CIDRâ€™13)},
  address = {Asilomer, CA, USA},
  url       = {http://cidrdb.org/cidr2013/Papers/CIDR13_Paper118.pdf},
  owner = {S17-IR-2016}
}