@Misc{www-ansible,
  Title                    = {{Ansible}, Deploy apps. Manage systems. Crush complexity},
  HowPublished             = {Web Page},
  Note                     = {Accessed: 2017-03-12},
  Key                      = {ansible},
  Owner                    = {S17-IR-2041, S17-IR-2036},
  Url                      = {https://www.ansible.com/}
}

@Misc{www-wiki-naivebayes,
  Title                    = {Naive Bayes spam Filtering},
  Author                   = {Wikipedia},
  HowPublished             = {Web Page},
  Month                    = {January},
  Year                     = {2017},
  Note                     = {Accessed: 2017-03-10},

  Owner                    = {S17-IR-2041, S17-IR-2036},
  Url                      = {https://en.wikipedia.org/wiki/Naive_Bayes_spam_filtering}
}

@InProceedings{paper-classification-of-email,
  Title                    = {{Naive-Bayes vs. Rule-Learning in Classification of Email}},
  Author                   = {Jefferson Provost},
  Booktitle                = {Artificial Intelligence Lab},
  Year                     = {1999},

  Address                  = {The University Of Texas at Austin},
  Note                     = {Accessed: 2017-03-10},
  Publisher                = {The University Of Texas},

  Email                    = {jp@cs.utexas.edu},
  Location                 = {Austin, Texas, US},
  Owner                    = {S17-IR-2041, S17-IR-2036},
  Url                      = {http://mathcs.wilkes.edu/~kapolka/cs340/provost-ai-tr-99-281.pdf}
}

@Misc{www-docker-swarm,
  Title                    = {Docker swarm},
  HowPublished             = {Web Page},
  Note                     = {Accessed: 2017-03-10},
  Key                      = {Docker-Swarm},
  Owner                    = {S17-IR-2041, S17-IR-2036},
  Url                      = {https://docs.docker.com/engine/swarm/}
}

@Misc{www-sms-spam-dataset,
  Title                    = {{SMS} Spam Collection Dataset},
  HowPublished             = {Web Page},
  Note                     = {Accessed: 2017-03-10},
  Key                      = {Spam Collection},
  Owner                    = {S17-IR-2041, S17-IR-2036},
  Url                      = {https://www.kaggle.com/uciml/sms-spam-collection-dataset},
}
