% This file was created with JabRef 2.10.
% Encoding: UTF-8


@Misc{apace-web-page,
  Title                    = {Hadoop Web Page},

  Author                   = {ApacheFoundation},
  HowPublished             = {Web Page},
  Month                    = {January},
  Year                     = {2017},

  Owner                    = {S17-IR-2008},
  Timestamp                = {2017.02.27},
  Url                      = {hadoop.apache.org/core/}
}

@Misc{hadoop-cluster-setup,
  Title                    = {Hadoop Cluster Setup},

  Author                   = {{ApacheFoundation}},
  Month                    = {January},
  Year                     = {2017},

  Owner                    = {SR-IR-2008},
  Timestamp                = {2017.02.27},
  Url                      = {https://hadoop.apache.org/docs/current/hadoop-project-dist/hadoop-common/ClusterSetup.html}
}

@Misc{facebook-hive,
  Title                    = {Hive as a contrib project},

  Author                   = {ApacheFoundation},
  Month                    = {December},
  Year                     = {2011},

  Owner                    = {S17-IR-2008},
  Timestamp                = {2017.02.27},
  Url                      = {issues.apache.org/jira/browse/HADOOP-3601}
}

@Article{hadoopdb,
  Title                    = {HadoopDB: An Open Source Parallel Database},
  Author                   = {Lorica,Ben},
  Year                     = {2009},

  Month                    = {July},

  Owner                    = {S17-IR-2008},
  Timestamp                = {2017.02.27},
  Url                      = {http://radar.oreilly.com/2009/07/hadoopdb-an-open-source-parallel-database.html}
}

@Misc{hadoopdb-project,
  Title                    = {HadoopDB Project},

  Author                   = {Pawlikowski,Bajda and Abouzeid,Azza and Abadi,Daniel and Silberschatz,Avi},
  Month                    = {August},
  Year                     = {2009},

  Owner                    = {S17-IR-2008},
  Timestamp                = {2017.02.27},
  Url                      = {db.cs.yale.edu/hadoopdb/hadoopdb.html}
}

@Manual{hadoop-guide,
  Title                    = {HadoopDB Quick Start Guide},
  Author                   = {HadoopDB},
  Month                    = {2009},
  Organization             = {Yale University},
  Year                     = {July},

  Owner                    = {S17-IR-2008},
  Timestamp                = {2017.02.27},
  Url                      = {http://hadoopdb.sourceforge.net/guide/}
}

@Misc{apache-hadoop,
  Title                    = {Apache Hadoop},

  Author                   = {Wikipedia},

  Owner                    = {S17-IR-2008},
  Timestamp                = {2017.02.27},
  Url                      = {https://en.wikipedia.org/wiki/Apache_Hadoop}
}

