@inproceedings{bigquery-paper,
  author =	 {Fernandes, S{\'e}rgio and Bernardino, Jorge},
  title =	 {What is BigQuery?},
  booktitle =	 {Proceedings of the 19th International Database
                  Engineering \&\#38; Applications Symposium},
  year =	 2014,
  isbn =	 {978-1-4503-3414-3},
  location =	 {Yokohama, Japan},
  pages =	 {202--203},
  numpages =	 2,
  url =
                  {http://doi.acm.org.proxyiub.uits.iu.edu/10.1145/2790755.2790797},
  doi =		 {10.1145/2790755.2790797},
  acmid =	 2790797,
  publisher =	 {ACM},
  address =	 {New York, NY, USA},
  keywords =	 {BigData, BigQuery, Cloud, Database, ETL, Google,
                  SaaS},
  Owner =	 {S17-IR-2041},
}

@misc{www-bigquery,
  Title =	 {What is BigQuery},
  url =		 {https://cloud.google.com/bigquery/},
  howpublished = {Web Page},
  note =	 {Accessed: 2017-3-24},
  key =		 {bigquery},
  Owner =	 {S17-IR-2041},
}

@article{mapreduce-article,
  Author =	 {Dean, Jeffrey and Ghemawat, Sanjay},
  Title =	 {MapReduce: Simplified Data Processing on Large
                  Clusters},
  Journal =	 {Commun. ACM},
  Volume =	 51,
  Number =	 1,
  Month =	 jan,
  Year =	 2008,
  Issn =	 {0001-0782},
  Pages =	 {107--113},
  Url =		 {http://doi.acm.org/10.1145/1327452.1327492},
  Doi =		 {10.1145/1327452.1327492},
  Publisher =	 {ACM},
  Address =	 {New York, NY, USA},
  Owner =	 {S17-IR-2041},
  Note =	 {Published as an Article},
}

@misc{www-apache-hadoop,
  Title =	 {Apache Hadoop},
  HowPublished = {Web Page},
  Key =		 {apache-hadoop},
  url =		 {http://hadoop.apache.org/ },
  note =	 {Accessed: 2017-3-25},
  Owner =	 {S17-IR-2041},
}

@misc{www-bigquery-slideshare,
  author =	 {Sato, Kazunori},
  title =	 {Fluentd {+} Google BigQuery},
  url =
                  {https://www.slideshare.net/GoogleCloudPlatformJP/google-for-1600-kpi-fluentd-google-big-query},
  howpublished = {Web Page},
  year =	 2014,
  month =	 mar,
  Owner =	 {S17-IR-2041},
  Note =	 {Accessed: 2017-3-24}
}

@Misc{www-bigquery-documentation,
  Title =	 {What is BigQuery? BigQuery Documentation Google
                  Cloud Platform},
  Howpublished = {Web Page},
  Url =		 {https://cloud.google.com/bigquery/what-is-bigquery },
  Key =		 {BigQuery Overview},
  Owner =	 {S17-IR-2041},
  Note =	 {Accessed: 2017-3-23},
}

@Misc{www-rowvscolumnstorage,
  Title =	 {Google BigQuery vs MapReduce vs PowerDrill},
  Author =	 {Agrawal, Vikrant},
  Howpublished = {Web Page},
  Url =
                  {http://geeksmirage.com/google-bigquery-vs-mapreduce-vs-powerdrill},
  Owner =	 {S17-IR-2041},
  Note =	 {Accessed: 2017-3-23},
}

@Misc{www-userinterface-bigquery,
  Author =	 {Kwek, Ju-kay},
  Title =	 {Google BigQuery Service: Big data analytics at
                  Google speed},
  Month =	 nov,
  Year =	 2011,
  Howpublished = {Blog},
  Url =
                  {https://cloud.googleblog.com/2011/11/google-bigquery-service-big-data.html},
  Owner =	 {S17-IR-2041},
  Note =	 {Accessed: 2017-3-23},
}

@Misc{www-benchmarks-bigguery,
  Author =	 {Solovey, Vadim},
  Title =	 {Google BigQuery Benchmark},
  Month =	 jun,
  Year =	 2015,
  Howpublished = {Blog},
  Url =
                  {https://www.doit-intl.com/blog/2015/6/9/bigquery-benchmark},
  Owner =	 {S17-IR-2041},
  Note =	 {Accessed: 2017-3-23},
}

@inproceedings{dremel-paper,
  title =	 {Dremel: Interactive Analysis of Web-Scale Datasets},
  author =	 {Sergey Melnik and Andrey Gubarev and Jing Jing Long
                  and Geoffrey Romer and Shiva Shivakumar and Matt
                  Tolton and Theo Vassilakis},
  year =	 2010,
  Month =	 Sep,
  URL =		 {http://www.vldb2010.org/accept.htm},
  booktitle =	 {Proc. of the 36th Int'l Conf on Very Large Data
                  Bases},
  pages =	 {330-339},
  Owner =	 {S17-IR-2041},
}

@Misc{www-informatica,
  Title =	 {What is Informatica},
  Howpublished = {Webpage},
  Key =		 {Informatica},
  Url =		 {https://www.informatica.com},
  Owner =	 {S17-IR-2041},
  Note =	 {Accessed: 2017-4-07},
}

@Misc{www-tableau,
  Title =	 {What is Tableau},
  Howpublished = {Webpage},
  Key =		 {Tableau},
  Url =		 {https://www.tableau.com/},
  Owner =	 {S17-IR-2041},
  Note =	 {Accessed: 2017-4-07},
}

@Misc{www-excel,
  Title =	 {Microsoft Excel},
  Howpublished = {Webpage},
  Key =		 {Excel},
  Url =		 {https://products.office.com/en-us/excel},
  Owner =	 {S17-IR-2041},
  Note =	 {Accessed: 2017-4-07},
}

@Misc{www-qlik,
  Title =	 {Qlik},
  Howpublished = {Webpage},
  Key =		 {Qlik},
  Url =		 {http://www.qlik.com/us/},
  Owner =	 {S17-IR-2041},
  Note =	 {Accessed: 2017-4-07},
}

@Misc{www-benchmarks-intel,
  Title =	 {Intel's Hadoop Benchmark},
  Howpublished = {Git Repo},
  Key =		 {Hadoop Benchmarks by Intel},
  Url =		 {https://github.com/intel-hadoop/HiBench},
  Owner =	 {S17-IR-2041},
  Note =	 {Accessed: 2017-4-07},
}

@Misc{www-amazon-redshift,
  Title =	 {Amazon's Redshift},
  Howpublished = {Webpage},
  Key =		 {Redshift by Amazon},
  Url =		 {https://aws.amazon.com/redshift/},
  Owner =	 {S17-IR-2041},
  Note =	 {Accessed: 2017-4-07},
}

@Misc{www-apache-hive,
  Title =	 {Apache Hive},
  Howpublished = {Webpage},
  Key =		 {Hive},
  Url =		 {http://hive.apache.org/},
  Owner =	 {S17-IR-2041},
  Note =	 {Accessed: 2017-4-07},
}

@Misc{www-apache-spark,
  Title =	 {Apache Spark},
  Howpublished = {Webpage},
  Key =		 {Spark},
  Url =		 {https://spark.apache.org/sql/},
  Owner =	 {S17-IR-2041},
  Note =	 {Accessed: 2017-4-07},
}

@Misc{www-impala,
  Title =	 {Cloudera Impala: Real-Time Queries in Apache Hadoop,
                  For Real},
  Howpublished = {Blog},
  author =	 {Kornacker, Marcel and Erickson, Justin},
  Month =	 oct,
  Year =	 2012,
  Url =
                  {http://blog.cloudera.com/blog/2012/10/cloudera-impala-real-time-queries-in-apache-hadoop-for-real/},
  Owner =	 {S17-IR-2041},
  Note =	 {Accessed: 2017-4-07},
}

@Misc{www-apache-tez,
  Title =	 {Announcing Stinger Phase 3 Technical Preview},
  Howpublished = {Blog},
  author =	 {Shanklin, Carter},
  Month =	 dec,
  Year =	 2013,
  Url =
                  {https://hortonworks.com/blog/announcing-stinger-phase-3-technical-preview/},
  Owner =	 {S17-IR-2041},
  Note =	 {Accessed: 2017-4-08},
}

@Misc{www-commoncrawl,
  Title =	 {Common Crawl},
  Howpublished = {Webpage},
  Key =		 {Common Crawl},
  Url =		 {http://commoncrawl.org/},
  Owner =	 {S17-IR-2041},
  Note =	 {Accessed: 2017-4-07},
}

@Misc{www-olap,
  Title =	 {{OLAP}},
  Howpublished = {Webpage},
  Key =		 {{OLAP} definition},
  Url =		 {http://olap.com/olap-definition/},
  Owner =	 {S17-IR-2041},
  Note =	 {Accessed: 2017-4-08},
}

@Misc{www-usecase-safari,
  Title =	 {How Safari Books Online uses BigQuery for Business
                  Intelligence},
  Howpublished = {Webpage},
  Author =	 {Peter, Daniel},
  Url =
                  {https://cloud.google.com/bigquery/case-studies/safari-books},
  Owner =	 {S17-IR-2041},
  Note =	 {Accessed: 2017-4-08},
}

@Misc{www-usecase-redbus,
  Title =	 {Travel Agency Masters Big Data with Google BigQuery},
  Howpublished = {Webpage},
  Key =		 {RedBus using BigQuery},
  Url =		 {https://cloud.google.com/customers/redbus/},
  Owner =	 {S17-IR-2041},
  Note =	 {Accessed: 2017-4-08},
}

@Misc{www-benchmarks-amplab,
  Title =	 {AMP Lab Big Data Benchmark},
  Howpublished = {Webpage},
  Key =		 {AMP Lab Benchmarks},
  Url =		 {https://amplab.cs.berkeley.edu/benchmark/},
  Owner =	 {S17-IR-2041},
  Note =	 {Accessed: 2017-4-08},
}
