@misc{www-cubrid.org,
  title =	 {{CUBRID RDBMS}},
  url =		 {http://www.cubrid.org},
  howpublished = {Web Page},
  address =	 {Indiana University},
  year =	 2017,
  month =	 feb
}
@misc{www-authentication,
  title =	 {{CUBRID RDBMS}},
  url =		 {http://www.methodsandtools.com/tools/cubriddatabase.php},
  howpublished = {Web Page},
  address =	 {Indiana University},
  year =	 2017,
  month =	 feb
}
@misc{www-benchmark,
  title =	 {{CUBRID RDBMS}},
  url =		 {http://www.cubrid.org/cubrid_mysql_sns_benchmark_test},
  howpublished = {Web Page},
  address =	 {Indiana University},
  year =	 2017,
  month =	 feb
}



