@Misc{www-mongoComponents,
  author       = {MongoDB},
  title        = {Sharded Cluster Components},
  howpublished = {web page},
  month        = sep,
  year         = {2016},
  owner        = {F16-DG-4042, Mark McCombe},
  url          = {https://docs.mongodb.com/v3.2/core/sharded-cluster-components/},
  urldate      = {11/9/2016},
} 

@Misc{www-wikiOpenStack,
  author       = {Wikipedia},
  title        = {OpenStack},
  howpublished = {web page},
  month        = nov,
  year         = {2016},
  owner        = {F16-DG-4042, Mark McCombe},
  url          = {https://en.wikipedia.org/wiki/OpenStack},
  note         = {11/9/2016},
}

@Misc{www-sharding,
  author       = {MongoDB},
  title        = {Sharding},
  howpublished = {web page},
  month        = sep,
  year         = {2016},
  owner        = {F16-DG-4042, Mark McCombe},
  url          = {https://docs.mongodb.com/manual/sharding/},
  urldate      = {9/16/2016},
}

@Misc{www-shardkey,
  author       = {MongoDB},
  title        = {Shard Keys},
  howpublished = {web page},
  month        = sep,
  year         = {2016},
  owner        = {F16-DG-4042, Mark McCombe},
  url          = {https://docs.mongodb.com/manual/core/sharding-shard-key/},
  urldate      = {9/29/2016},
}

@Misc{www-replication,
  author       = {MongoDB},
  title        = {Replication},
  howpublished = {web page},
  month        = sep,
  year         = {2016},
  owner        = {F16-DG-4042, Mark McCombe},
  url          = {https://docs.mongodb.com/manual/replication/},
  urldate      = {9/30/2016},
}

@Misc{www-cloudmesh,
  author       = {von Laszewski, Gregor},
  title        = {Cloudmesh Client Toolkit},
  howpublished = {web page},
  month        = sep,
  year         = {2016},
  owner        = {F16-DG-4042, Mark McCombe},
  url          = {http://cloudmesh.github.io/client/},
  urldate      = {9/29/2016},
  
}

@Misc{www-bbos,
  author       = {willkoky},
  title        = {Baseball on a Stick},
  howpublished = {web page},
  month        = apr,
  year         = {2016},
  owner        = {F16-DG-4042, Mark McCombe},
  url          = {https://sourceforge.net/projects/baseballonastic/},
  urldate      = {9/29/2016},
}

@Misc{www-mongoimport,
  author       = {MongoDB},
  title        = {mongoimport},
  howpublished = {web page},
  month        = sep,
  year         = {2016},
  owner        = {F16-DG-4042, Mark McCombe},
  url          = {https://docs.mongodb.com/manual/reference/program/mongoimport/},
  urldate      = {9/30/2016},
}

@Misc{www-MonWiki,
  author       = {Wikipedia},
  title        = {Mongo},
  howpublished = {web page},
  month        = sep,
  year         = {2016},
  owner        = {F16-DG-4042, Mark McCombe},
  url          = {https://en.wikipedia.org/wiki/MongoDB},
  urldate      = {10/1/2016},
}


@Misc{www-openStackFAQ,
  author       = {OpenStack},
  title        = {OpenStack Community Q\&A},
  howpublished = {web page},
  month        = nov,
  owner        = {Mark McCombe},
  year         = {2016},
  owner        = {F16-DG-4042, Mark McCombe},
  url          = {https://www.openstack.org/projects/openstack-faq/},
  urldate      = {11/9/1026},
}

@Misc{www-dbEngines,
  author       = {DB-Engines},
  title        = {BDB-Engines Ranking},
  howpublished = {web page},
  month        = nov,
  year         = {2016},
  owner        = {F16-DG-4042, Mark McCombe},
  url          = {http://db-engines.com/en/ranking},
  urldate      = {11/29/2016},
}

@Misc{www-mongoAuth,
  author       = {MongoDB},
  title        = {Enable Internal Authentication},
  howpublished = {web page},
  month        = nov,
  year         = {2016},
  owner        = {F16-DG-4042, Mark McCombe},
  url          = {https://docs.mongodb.com/v3.0/tutorial/enable-internal-authentication/},
  urldate      = {11/29/2016},
}

@Misc{www-mongoDeploy,
  author       = {MongoDB},
  title        = {Deploy a Sharded Cluster},
  howpublished = {web page},
  month        = sep,
  year         = {2016},
  owner        = {F16-DG-4042, Mark McCombe},
  url          = {https://docs.mongodb.com/v3.2/tutorial/deploy-shard-cluster/},
  urldate      = {11/29/2016},
}

@Misc{www-shardLocal,
  author       = {Mohamed Sanaulla},
  title        = {Setting up sharded mongodb cluster in localhost},
  howpublished = {web page},
  owner        = {F16-DG-4042, Mark McCombe},
  month        = feb,
  year         = {2015},
  urldate      = {11/29/2016},
}

@Misc{www-lastChar,
  author       = {mklement0},
  title        = {How can I remove the last character of a file in unix?},
  howpublished = {web page},
  owner        = {F16-DG-4042, Mark McCombe},
  month        = dec,
  year         = {2014},
  url          = {http://stackoverflow.com/questions/27305177/how-can-i-remove-the-last-character-of-a-file-in-unix},
  urldate      = {11/19/2016},
}

@Misc{www-configOpts,
  author       = {MongoDB},
  title        = {Configuration File Options},
  howpublished = {web page},
  owner        = {F16-DG-4042, Mark McCombe},
  month        = oct,
  year         = {2016},
  url          = {http://docs.mongodb.org/manual/reference/configuration-options/},
  urldate      = {10/25/2016},
}

@Misc{www-bashArgs,
  author       = {steeldriver},
  title        = {Passing named arguments to shell scripts},
  howpublished = {web page},
  owner        = {F16-DG-4042, Mark McCombe},
  month        = may,
  year         = {2014},
  url          = {http://unix.stackexchange.com/questions/129391/passing-named-arguments-to-shell-scripts},
  urldate      = {11/15/2016},
}

@Misc{www-cmVms,
  author       = {von Laszewski, Gregor},
  title        = {Advanced Command Usage},
  howpublished = {web page},
  owner        = {F16-DG-4042, Mark McCombe},
  month        = jan,
  year         = {2015},
  url          = {http://cloudmesh.github.io/client/commands/command\_advanced.html},
  urldate      = {10/15/2016},
}

@Misc{www-mongoConfig,
  author       = {MongoDB},
  title        = {Config Servers},
  howpublished = {web page},
  owner        = {F16-DG-4042, Mark McCombe},
  month        = nov,
  year         = {2016},
  url          = {https://docs.mongodb.com/manual/core/sharded-cluster-config-servers/},
  urldate      = {11/28/2016}, 
}

@Misc{www-mongoRepDep,
  author       = {MongoDB},
  title        = {Replica Set Deployment Architectures},
  howpublished = {web page},
  owner        = {F16-DG-4042, Mark McCombe},
  month        = nov,
  year         = {2016},
  url          = {https://docs.mongodb.com/v3.2/core/replica-set-architectures/},
  urldate      = {11/30/2016}, 
}

@Misc{www-mongoMongos,
  author       = {MongoDB},
  title        = {Mongos},
  howpublished = {web page},
  owner        = {F16-DG-4042, Mark McCombe},
  month        = nov,
  year         = {2016},
  url          = {https://docs.mongodb.com/manual/reference/program/mongos/},
  urldate      = {11/30/2016}, 
}

@Misc{www-chamHardware,
  author       = {Chameleon},
  title        = {Hardware Description},
  howpublished = {web page},
  owner        = {F16-DG-4042, Mark McCombe},
  month        = nov,
  year         = {2016},
  url          = {https://www.chameleoncloud.org/about/hardware-description/},
  urldate      = {11/30/2016}, 
}

@Misc{www-kiloHardware,
  author       = {von Laszewski, Gregor},
  title        = {Hardware},
  howpublished = {web page},
  owner        = {F16-DG-4042, Mark McCombe},
  month        = jan,
  year         = {2013},
  url          = {http://futuregrid.github.io/manual/hardware.html},
  urldate      = {11/30/2016}, 
}

@Misc{www-python1,
  author       = {jezrael},
  title        = {Converting a Pandas GroupBy object to DataFrame},
  howpublished = {web page},
  owner        = {F16-DG-4042, Mark McCombe},
  month        = aug,
  year         = {2015},
  url          = {http://stackoverflow.com/questions/10373660/converting-a-pandas-groupby-object-to-dataframe},
  urldate      = {10/1/2016}, 
}

@Misc{www-python2,
  author       = {silvio},
  title        = {How to set 'auto' for upper limit, but keep a fixed lower limit with matplotlib.pyplot},
  howpublished = {web page},
  owner        = {F16-DG-4042, Mark McCombe},
  month        = sep,
  year         = {2015},
  url          = {http://stackoverflow.com/questions/11744990},
  urldate      = {10/1/2016}, 
}

@Misc{www-python3,
  author       = {EdChum},
  title        = {Pandas DataFrame to Numpy Array ValueError},
  howpublished = {web page},
  owner        = {F16-DG-4042, Mark McCombe},
  month        = aug,
  year         = {2015},
  url          = {http://stackoverflow.com/questions/31791476/pandas-dataframe-to-numpy-array-valueerror},
  urldate      = {10/1/2016}, 
}

@Misc{www-chamAbout,
  author       = {Chameleon},
  title        = {About},
  howpublished = {web page},
  owner        = {F16-DG-4042, Mark McCombe},
  month        = nov,
  year         = {2016},
  url          = {https://www.chameleoncloud.org/about/chameleon/},
  urldate      = {11/30/2016}, 
}

@Misc{www-futureSystems,
  author       = {FutureSystems},
  title        = {About},
  howpublished = {web page},
  owner        = {F16-DG-4042, Mark McCombe},
  month        = sep,
  year         = {2014},
  url          = {https://portal.futuresystems.org/about},
  urldate      = {11/30/2016}, 
}

@Misc{www-shardDist,
  author       = {MongoDB},
  title        = {db.collection.getShardDistribution()},
  howpublished = {web page},
  owner        = {F16-DG-4042, Mark McCombe},
  month        = nov,
  year         = {2016},
  url          = {https://docs.mongodb.com/manual/reference/method/db.collection.getShardDistribution/},
  urldate      = {11/30/2016}, 
}

@Misc{www-bashNum,
  author       = {Charles Duffy},
  title        = {How do I test if a variable is a number in bash?},
  howpublished = {web page},
  owner        = {F16-DG-4042, Mark McCombe},
  month        = apr,
  year         = {2009},
  url          = {http://stackoverflow.com/questions/806906/how-do-i-test-if-a-variable-is-a-number-in-bash},
  urldate      = {12/01/2016}, 
}

@Misc{www-fsAbout,
  author       = {FutureSystems},
  title        = {Staff},
  howpublished = {web page},
  owner        = {F16-DG-4042, Mark McCombe},
  month        = dec,
  year         = {2016},
  url          = {https://portal.futuresystems.org/staff},
  urldate      = {12/01/2016}, 
}
