@InProceedings{las14cloudmeshmultiple,
  title =	 {{Accessing Multiple Clouds with Cloudmesh}},
  author =	 {von Laszewski, Gregor and Wang, Fugang and Lee,
                  Hyungro and Chen, Heng and Fox, Geoffrey C.},
  booktitle =	 {Proceedings of the 2014 ACM International Workshop
                  on Software-defined Ecosystems},
  year =	 2014,
  address =	 {New York, NY, USA},
  pages =	 {21--28},
  publisher =	 {ACM},
  series =	 {BigSystem '14},
  acmid =	 2609638,
  doi =		 {10.1145/2609441.2609638},
  isbn =	 {978-1-4503-2909-5},
  keywords =	 {cloud computing},
  location =	 {Vancouver, BC, Canada},
  numpages =	 8,
  url =		 {http://doi.acm.org/10.1145/2609441.2609638}
}

@Misc{www-hadoop,
	title = {{Welcome to Apache™ Hadoop®!}},
	howpublished = {Web Page},
	note = {Accessed: 2017-03-12},
	owner = {S17-IR-P004},
	url = {http://hadoop.apache.org/}
}

@Misc{www-spark,
	title = {{Apache Spark: Lightning-fast cluster computing}},
	howpublished = {Web Page},
	note = {Accessed: 2017-03-12},
	owner = {S17-IR-P004},
	url = {http://spark.apache.org/}
}

@Misc{www-python,
	title = {{python}},
	howpublished = {Web Page},
	note = {Accessed: 2017-03-12},
	owner = {S17-IR-P004},
	url = {https://www.python.org/}
}

@Misc{www-java,
	title = {{java}},
	howpublished = {Web Page},
	note = {Accessed: 2017-03-12},
	owner = {S17-IR-P004},
	url = {https://www.java.com/en/}
}

@Misc{www-scala,
	title = {{Scala}},
	howpublished = {Web Page},
	note = {Accessed: 2017-03-12},
	owner = {S17-IR-P004},
	url = {https://www.scala-lang.org/}
}

@Misc{www-ansible,
	title = {{ANSIBLE}},
	howpublished = {Web Page},
	note = {Accessed: 2017-03-12},
	owner = {S17-IR-P004},
	url = {https://www.ansible.com/}
}

@Misc{www-latex,
	title = {{The LATEX Project}},
	howpublished = {Web Page},
	note = {Accessed: 2017-03-12},
	owner = {S17-IR-P004},
	url = {https://www.latex-project.org/}
}

@Misc{www-dataset,
	title = {{Diabetes 130-US hospitals for years 1999-2008 Data Set}},
	howpublished = {Web Page},
	note = {Accessed: 2017-03-12},
	owner = {S17-IR-P004},
	url = {https://archive.ics.uci.edu/ml/datasets/Diabetes+130-US+hospitals+for+years+1999-2008#}
}

