
@misc{www-1,
  author = {{Arun Murthy}},
  title =	 {{Apache Hadoop Yarn Background An Overview}},
  url = {https://hortonworks.com/blog/apache-hadoop-yarn-background-and-an-overview/},
  howpublished = {Web Page},
  year =	 August 07, 2012,
  note = {page last accessed on 7 April 2017},
  owner = {S17-IO-3020}
}

@misc{www-2,
  author = {{The Apache Software Foundation}},
  title =	 {{Apache Hadoop Yarn}},
  url = {https://hadoop.apache.org/docs/r2.7.2/hadoop-yarn/hadoop-yarn-site/YARN.html},
  howpublished = {Web Page},
  year =	 January 01, 2016,
  note = {page last accessed on 7 April 2017},
  owner = {S17-IO-3020}
}

@misc{www-3,
  author = {{Adam Kawa}},
  title =	 {{Introduction to YARN}},
  url = {https://www.ibm.com/developerworks/library/bd-yarn-intro/},
  howpublished = {Web Page},
  year =	 August 12, 2014,
  note = {page last accessed on 7 April 2017},
  owner = {S17-IO-3020}
}


@misc{www-4,
  author = {{Horton works}},
  title =	 {{APACHE HADOOP YARN}},
  url = {https://hortonworks.com/apache/yarn/},
  howpublished = {Web Page},
  note = {page last accessed on 7 April 2017},
  owner = {S17-IO-3020}
}

@misc{www-5,
  author = {{BigDSol}},
  title =	 {{Understand Hadoop YARN}},
  url = {https://www.youtube.com/watch?v=1vg_W-MMZpA},
  howpublished = {YouTube},
  year =	 August 24, 2013,
  note = {page last accessed on 7 April 2017},
  owner = {S17-IO-3020}
}
