@Misc{www-scientific-paper,
  review = {},
  author =	 {{Kun Liua and Long-jiang Dong}},
  title =	 {Research on Cloud Data Storage Technology and Its Architecture Implementation},
  url =		 {http://www.sciencedirect.com/science/article/pii/S1877705811065192},
  howpublished = {Web Page},
  address =	 {College of Oriental Application and Technology Beijing Union University, Beijing and Software Development Department Adobe (Beijing) Corporation, Beijing},
  year =	 {2011},
  month =	 {jan}
}

@Misc{www-google-cloud-storage,
  review = {},
  title =	 {Google Cloud Storage},
  author= {Google Inc.},
  howpubished =	 {Web Page},
  owner =	 {S17-IR-2031},
  note =	 {Accessed: 02-25-2017},
  url =		 {https://cloud.google.com/storage/docs}
}

@Misc{www-google-cloud-storage-wiki,
  review = {},
  title =	 {Google Cloud Storage},
  author=    {Wikipedia},
  howpubished =	 {Web Page},
  owner =	 {S17-IR-2031},
  note =	 {Accessed: 02-25-2017},
  url =		 {https://cloud.google.com/storage/docs}
}


@Misc{www-google-bigquery,
  review = {},
  title =	 {Google BigQuery},
  author= {Google Inc.},
  howpubished =	 {Web Page},
  owner =	 {S17-IR-2031},
  note =	 {Accessed: 02-25-2017},
  url =		 {https://cloud.google.com/bigquery/}
}
