@InProceedings{millwheel,
  author = {Tyler Akidau and Alex Balikov and Kaya Bekiroglu and Slava
                  Chernyak and Josh Haberman and Reuven Lax and Sam
                  McVeety and Daniel Mills and Paul Nordstrom and Sam
                  Whittle},
  title = {MillWheel: Fault-Tolerant Stream Processing at Internet
                  Scale},
  booktitle = {Very Large Data Bases},
  year = {2013},
  pages = {734--746},
  url = {https://research.google.com/pubs/pub41378.html},
  owner = {S17-IO-3013},
  timestamp = {2017-02-26},
}
@Online{www-kinesis,
  author = {{Amazon}},
  editor = {{Amazon}},
  title = {Amazon Kinesis Streams},
  year = {2017},
  date = {2017-02-22},
  url = {https://aws.amazon.com/kinesis/streams/},
  version = {H.25.1.},
  owner = {S17-IO-3013},
  timestamp = {2017-02-27},
}
@Online{www-pythonsdk,
  author = {{Apache Beam}},
  editor = {{Apache Beam}},
  title = {Apache Beam Python SDK},
  year = {2017},
  date = {2017-02-01},
  url = {https://beam.apache.org/documentation/sdks/python/},
  organization = {The Apache Software Foundation},
  owner = {S17-IO-3013},
  timestamp = {2017-02-27},
}
@Article{www-notstream,
  author = {Ronnie Beggs},
  title = {5 reasons why Spark Streaming batch processing of data
                  streams is not stream processing},
  journal = {SQL Stream},
  journaltitle = {Streaming Analytics},
  year = {2015},
  date = {2015-03-19},
  editor = {Ronnie Beggs},
  url =
                  {http://sqlstream.com/2015/03/5-reasons-why-spark-streamings-batch-processing-of-data-streams-is-not-stream-processing/},
  owner = {S17-IO-3013},
  timestamp = {2017-02-27},
}
@Misc{www-pythoncode,
  author = {Silviu Calinoiu},
  editor = {Silviu Calinoiu},
  title = {Google announces Cloud Dataflow with Python support},
  year = {2016},
  date = {2016-03-22},
  howpublished = {Web page},
  organization = {Google},
  url =
                  {https://cloud.google.com/blog/big-data/2016/03/google-announces-cloud-dataflow-with-python-support},
  owner = {S17-IO-3013},
  timestamp = {2017-02-27},
}
@Article{www-storelayout,
  author = {Phil Ciciora},
  title = {Study: Store layout an important variable for retailers},
  journal = {NEWS BUREAU},
  journaltitle = {PUBLIC AFFAIRS},
  year = {2013},
  date = {2013-01-24},
  url =
                  {https://news.illinois.edu/news/13/0124storelayout_yunchuanliu.html},
  owner = {S17-IO-3013},
  timestamp = {2017-02-27},
}
@Online{www-upgrademr,
  author = {{cloudera}},
  editor = {{cloudera}},
  title = {Migrating from MapReduce (MRv1) to MapReduce (MRv2)},
  year = {2017},
  date = {2017-02-24},
  url =
                  {https://www.cloudera.com/documentation/enterprise/5-9-x/topics/cdh_ig_mapreduce_to_yarn_migrate.html#concept_zzt_smy_xl},
  subtitle = {Upgrading an MRv1 Installation Using Cloudera Manager},
  note = {S17-IO-3013},
  urldate = {2017-02-26},
}
@Misc{www.bigdata,
  author = {{CSC}},
  editor = {{CSC}},
  title = {The Rapid Growth of Global Data},
  year = {2013},
  date = {2013-09-08},
  subtitle = {Data Production},
  howpublished = {PDF},
  url =
                  {http://assets1.csc.com/insights/downloads/CSC_Infographic_Big_Data.pdf},
  owner = {S17-IO-3013},
  timestamp = {2017-02-27},
}
@Online{www-streammode,
  author = {Greg DeMichillie},
  editor = {{Google}},
  title = {Reimagining developer productivity and data analytics in
                  the cloud - news from Google IO},
  year = {2014},
  date = {2014-06-25},
  url =
                  {https://cloudplatform.googleblog.com/2014/06/reimagining-developer-productivity-and-data-analytics-in-the-cloud-news-from-google-io.html},
  subtitle = {Introducing Google Cloud Dataflow},
  note = {S17-IO-3013},
  organization = {Google},
  urldate = {2017-02-26},
  owner = {S17-IO-3013},
  timestamp = {2017-02-26},
}

@Misc{www-sdkmodel,
  author = {{Google}},
  title = {Dataflow Programming Model},
  year = {2017},
  date = {2017-02-15},
  editor = {{Google}},
  organization = {Google},
  owner = {S17-IO-3013},
  timestamp = {2017-02-27},
  url = {https://cloud.google.com/dataflow/model/programming-model},
}
@Misc{www-wordcountflow,
  author = {{Google}},
  editor = {{Google}},
  title = {WordCount Example Pipeline},
  year = {2017},
  date = {2017-02-15},
  howpublished = {Web Page},
  url =
                  {https://cloud.google.com/dataflow/examples/wordcount-example},
  owner = {S17-IO-3013},
  timestamp = {2017-02-27},
}
@Misc{www-awscomparison,
  author = {{Google}},
  editor = {{Google}},
  title = {Google Cloud Platform for AWS Professionals: Big Data},
  year = {2016},
  date = {2016-06-2016},
  howpublished = {Web Page},
  organization = {Google},
  url = {https://cloud.google.com/docs/compare/aws/big-data},
  owner = {S17-IO-3013},
  timestamp = {2017-02-27},
}
@Misc{www-mapreduce,
  author = {{Apache Hadoop}},
  editor = {{Apache Hadoop}},
  title = {MapReduce Tutorial},
  year = {2013},
  date = {2013-08-04},
  howpublished = {WebPage},
  url = {https://hadoop.apache.org/docs/r1.2.1/mapred_tutorial.html},
  owner = {S17-IO-3013},
  timestamp = {2017-02-26},
}
@Misc{www-statefulprocess,
  author = {Kenneth Knowles},
  editor = {Kenneth Knowles},
  title = {Stateful processing with Apache Beam},
  year = {2017},
  date = {2017-02-13},
  howpublished = {Web Page},
  url =
                  {https://beam.apache.org/blog/2017/02/13/stateful-processing.html},
  owner = {S17-IO-3013},
  timestamp = {2017-02-27},
}
@Article{www-spark,
  author = {Srini Penchikala},
  title = {Big Data Processing with Apache Spark},
  journal = {InfoQ},
  journaltitle = {Big Data Processing with Apache Spark},
  year = {2015},
  date = {2015-01-30},
  subtitle = {What is Spark},
  editor = {{Apache Spark}},
  series = {Big Data Processing with Apache Spark},
  number = {1},
  url = {https://www.infoq.com/articles/apache-spark-introduction},
  howpublished = {WebPage},
}
@Misc{www-dataflowconstructs,
  author = {Frances Perry},
  editor = {Frances Perry},
  title = {Sneak peek: Google Cloud Dataflow, a Cloud-native data
                  processing service},
  year = {2014},
  date = {2014-06-26},
  howpublished = {WebPage},
  organization = {Google Inc.},
  url =
                  {https://cloudplatform.googleblog.com/2014/06/sneak-peek-google-cloud-dataflow-a-cloud-native-data-processing-service.html},
  owner = {S17-IO-3013},
  timestamp = {2017-02-27},
}
@Online{www-beamincubate,
  author = {Frances Perry and James Malone},
  editor = {{Google}},
  title = {Dataflow and open source - proposal to join the Apache
                  Incubator},
  year = {2016},
  date = {2016-02-09},
  url =
                  {https://cloudplatform.googleblog.com/2016/01/Dataflow-and-open-source-proposal-to-join-the-Apache-Incubator.html},
  owner = {S17-IO-3013},
  timestamp = {2017-02-26},
}
@Article{www-asa,
  author = {Jeff Stokes and Kim Whitlatch and Andy Pasic and Alma
                  Jenks and Tyson Nevil and Ross McAllister and
                  Paulette McKay and Stuart Swift and Larry Franks},
  title = {What is Stream Analytics?},
  journal = {Microsoft Azure},
  journaltitle = {Stream Analytics},
  year = {2017},
  date = {2017-01-24},
  url =
                  {https://docs.microsoft.com/en-us/azure/stream-analytics/stream-analytics-introduction},
  owner = {S17-IO-3013},
  timestamp = {2017-02-27},
}
@Misc{www-javasdk,
  author = {{Google}},
  editor = {{Google}},
  title = {Google Cloud Dataflow SDK for Java},
  year = {2016},
  date = {2016-12-22},
  version = {1.9.0},
  howpublished = {WebPage},
  organization = {Google Inc.},
  url = {https://cloud.google.com/dataflow/java-sdk/JavaDoc/},
  owner = {S17-IO-3013},
  timestamp = {2017-02-27},
}
@Online{www-flume,
  author = {{Apache Flume}},
  editor = {{The Apache Software Foundation}},
  title = {Apache Flume},
  year = {2012},
  date = {2012-01-01},
  url = {https://flume.apache.org/},
  organization = {The Apache Software Foundation},
  owner = {S17-IO-3013},
  timestamp = {2017-02-26},
}

@Misc{www-flink,
  author = {{Apache Flink}},
  editor = {{The Apache Software Foundation}},
  title = {Introduction to Apache Flink},
  year = {2017},
  date = {2017-02-27},
  subtitle = {Apache Flink Documentation},
  howpublished = {WebPage},
  version = {Apache Flink version 1.2.0},
  url =
                  {https://ci.apache.org/projects/flink/flink-docs-release-1.2/index.html},
  owner = {S17-IO-3013},
  timestamp = {2017-02-26},
}
