@Misc{Heroku,
  title        = {Cloud Application Platform | Heroku},
  howpublished = {Web Page},
  note         = {Online; accessed 13-Mar-2017},
  key          = {www-heroku},
  owner        = {S17-IR-2034},
  url          = {https://www.heroku.com/},
}


@Misc{PaaS,
	
	title        = {Platform as a service - Wikipedia},
	howpublished = {Web Page},
	note         = {Online; accessed 13-Mar-2017},
	key          = {www-Wikipedia-PaaS},
	owner        = {S17-IR-2034},
	url          = {https://en.wikipedia.org/wiki/Platform_as_a_service},
}

@Misc{Git,
	
	title        = {Github
	},
	howpublished = {Web Page},
	note         = {Online; accessed 13-Mar-2017},
	key          = {www-Github},
	owner        = {S17-IR-2034},
	url          = {https://github.com/},
}

@Misc{SSH,
	
	title        = {Secure Shell- Wikipedia},
	howpublished = {Web Page},
	note         = {Online; accessed 17-Mar-2017},
	key          = {www-Wiki-SSH},
	owner        = {S17-IR-2034},
	url          = {https://en.wikipedia.org/wiki/Secure_Shell},
}


@Misc{Toolbelt,
	title        = {Heroku CLI | Heroku Dev Center},
	howpublished = {Web Page},
	note         = {Online; accessed 17-Mar-2017},
	key          = {www-heroku-cli},
	owner        = {S17-IR-2034},
	url          = {https://devcenter.heroku.com/articles/heroku-cli},
}

@Misc{Salesforce,
	title        = {Salesforce.com | The customer Sucsess Platform to grow your business },
	howpublished = {Web Page},
	note         = {Online; accessed 3-April-2017},
	key          = {www-Salesforce},
	owner        = {S17-IR-2034},
	url          = {https://www.salesforce.com/},
}

@Misc{Tutorial,
	title        = {Getting Started on Heroku | Heroku Dev Center},
	howpublished = {Web Page},
	note         = {Online; accessed 3-April-2017},
	key          = {www-heroku-Tutorial},
	owner        = {S17-IR-2034},
	url          = {https://devcenter.heroku.com/start},
}

@Misc{PostgresSQL,
	title        = {Heroku Postgres - Add-ons - Heroku Elements},
	howpublished = {Web Page},
	note         = {Online; accessed 3-April-2017},
	key          = {www-heroku-Addons},
	owner        = {S17-IR-2034},
	url          = {https://elements.heroku.com/addons/heroku-postgresql},
}

@Misc{Addons,
	title        = {Add-ons - Heroku Elements},
	howpublished = {Web Page},
	note         = {Online; accessed 3-April-2017},
	key          = {www-heroku-Addons},
	owner        = {S17-IR-2034},
	url          = {https://elements.heroku.com/addons},
}
