@Misc{news-social-media,
  Title                    = {Americans Spend 23 Hours Per Week Online, Texting},
  Author                   = {David Mielach},
  HowPublished             = {Web-page},
  Note                     = {Accessed mar-13-2017},
  Owner                    = {S17-IR-2013},
  Url                      = {http://www.businessnewsdaily.com/4718-weekly-online-social-media-time.html}
}

@Misc{dictionary-clickThrough,
  Title                    = {Clickthrough Rate Definition},
  Author                   = {{marketingterms.com}},
  HowPublished             = {Web-page},
  Note                     = {Accessed mar-13-2017},
  Owner                    = {S17-IR-2013},
  Url                      = {http://www.marketingterms.com/dictionary/clickthrough_rate/}
}

@Misc{wiki-clickThrough,
  Title                    = {Click-through rate},
  Author                   = {{Wikipedia}},
  HowPublished             = {Webpage},
  Note                     = {Accessed Mar-13-2017},
  Owner                    = {S17-IR-2013},
  Url                      = {https://en.wikipedia.org/wiki/Click-through_rate}
}

@Misc{kaggle-outbrain,
  Title                    = {Data Introduction},
  Author                   = {{Outbrain}},
  HowPublished             = {Webpage},
  Note                     = {Accessed Mar-13-2017},
  Owner                    = {S17-IR-2013},
  Url                      = {https://www.kaggle.com/c/outbrain-click-prediction/data}
}
