@InProceedings{las14cloudmeshmultiple,
  title =	 {{Accessing Multiple Clouds with Cloudmesh}},
  author =	 {von Laszewski, Gregor and Wang, Fugang and Lee,
                  Hyungro and Chen, Heng and Fox, Geoffrey C.},
  booktitle =	 {Proceedings of the 2014 ACM International Workshop
                  on Software-defined Ecosystems},
  year =	 2014,
  address =	 {New York, NY, USA},
  pages =	 {21--28},
  publisher =	 {ACM},
  series =	 {BigSystem '14},
  acmid =	 2609638,
  doi =		 {10.1145/2609441.2609638},
  isbn =	 {978-1-4503-2909-5},
  keywords =	 {cloud computing},
  location =	 {Vancouver, BC, Canada},
  numpages =	 8,
  url =		 {http://doi.acm.org/10.1145/2609441.2609638}
}

@Misc{www-keyvalue,
  author       = {{Aerospike}},
  title        = {What is a Key-Value Store?},
  howpublished = {WebPage},
  owner        = {S17-IO-3013},
  timestamp    = {2017-03-27},
  url          = {http://www.aerospike.com/what-is-a-key-value-store},
}

@Misc{www-riak,
  author       = {{Basho Technologies, Inc.}},
  title        = {LevelDB},
  howpublished = {WebPage},
  owner        = {S17-IO-3013},
  timestamp    = {2017-03-30},
  url          = {http://docs.basho.com/riak/kv/2.2.1/setup/planning/backend/leveldb/},
}

@Misc{www-lmdb,
  author       = {Howard Chu},
  title        = {Lightning Memory-Mapped Database},
  howpublished = {WebPage},
  month        = nov,
  year         = {2011},
  owner        = {S17-IO-3013},
  timestamp    = {2017-03-29},
  url          = {https://en.wikipedia.org/wiki/Lightning_Memory-Mapped_Database},
}

@Misc{www-lmdbdoc,
  author    = {Howard Chu},
  title     = {Lightning Memory-Mapped Database Manager (LMDB)},
  month     = dec,
  year      = {2015},
  owner     = {S17-IO-3013},
  timestamp = {2017-03-29},
  url       = {http://www.lmdb.tech/doc/},
}

@Misc{www-postfix,
  author       = {Howard Chu},
  title        = {Postfix LMDB adapter},
  howpublished = {WebPage},
  owner        = {S17-IO-3013},
  timestamp    = {2017-03-30},
  url          = {http://www.postfix.org/lmdb_table.5.html},
}

@Misc{www-benchmark,
  author       = {{Symas Corp}},
  title        = {Database Microbenchmarks},
  howpublished = {WebPage},
  month        = sep,
  year         = {2012},
  owner        = {S17-IO-3013},
  timestamp    = {2017-03-31},
  url          = {http://www.lmdb.tech/bench/microbench/},
}

@Misc{www-lmdbwrap,
  author       = {{Symas Corporation}},
  title        = {Wrappers for Other Languages},
  howpublished = {WebPage},
  owner        = {S17-IO-3013},
  timestamp    = {2017-03-29},
  url          = {https://symas.com/offerings/lightning-memory-mapped-database/wrappers/},
}

@Misc{www-kyoto,
  author       = {Barney Desmond},
  title        = {Second strike with Lightning!},
  howpublished = {WebPage},
  month        = may,
  year         = {2013},
  owner        = {S17-IO-3013},
  timestamp    = {2017-03-30},
  url          = {http://www.anchor.com.au/blog/2013/05/second-strike-with-lightning/},
}

@Misc{www-fallabs,
  author       = {{fallabs}},
  title        = {Kyoto Cabinet: a straightforward implementation of DBM},
  howpublished = {WebPage},
  month        = mar,
  year         = {2011},
  owner        = {S17-IO-3013},
  timestamp    = {2017-03-30},
  url          = {http://fallabs.com/kyotocabinet/},
}

@Misc{www-sqlite,
  author       = {Doug Hellmann},
  title        = {sqlite3 â€“ Embedded Relational Database},
  howpublished = {WebPage},
  month        = jan,
  year         = {2017},
  owner        = {S17-IO-3013},
  timestamp    = {2017-03-30},
  url          = {https://pymotw.com/2/sqlite3/},
}
@Misc{www-btreecode,
  author       = {John Mayo},
  title        = {btest.c},
  howpublished = {WebPage},
  month        = jan,
  year         = {2012},
  note         = {Originary written by Martin Hedenfalk},
  comment      = {Copyright (c) 2009 Martin Hedenfalk},
  owner        = {S17-IO-3013},
  timestamp    = {2017-03-29},
  url          = {https://github.com/OrangeTide/btree/blob/master/btest.c},
}

@Misc{www-bdb,
  author       = {Margo Seltzer, Keith Bostic},
  title        = {Berkeley DB},
  howpublished = {WebPage},
  month        = aug,
  year         = {2012},
  owner        = {S17-IO-3013},
  timestamp    = {2017-03-27},
  url          = {http://www.aosabook.org/en/bdb.html},
}

@Misc{www-l-cache,
  author       = {{WhatIs}},
  title        = {L1 and L2},
  howpublished = {WebPage},
  month        = apr,
  year         = {2005},
  owner        = {S17-IO-3013},
  timestamp    = {2017-03-31},
  url          = {http://whatis.techtarget.com/definition/L1-and-L2},
}

@Misc{www-multics,
  author       = {{Wikipedia}},
  title        = {Multics},
  howpublished = {WebPage},
  month        = feb,
  year         = {2017},
  owner        = {S17-IO-3013},
  timestamp    = {2017-03-29},
  url          = {https://en.wikipedia.org/wiki/Multics},
}

@Misc{www-leveldb,
  author       = {{Wikipedia}},
  title        = {LevelDB},
  howpublished = {WebPage},
  month        = mar,
  year         = {2017},
  owner        = {S17-IO-3013},
  timestamp    = {2017-03-30},
  url          = {https://en.wikipedia.org/wiki/LevelDB},
}
@Misc{www-lmdblicense,
  author       = {David Wilson},
  title        = {License},
  howpublished = {WebPage},
  year         = {2013},
  owner        = {S17-IO-3013},
  timestamp    = {2017-03-29},
  url          = {https://lmdb.readthedocs.io/en/release/#license},
}
