% Encoding: UTF-8

@Misc{www-about-pivotal-hdb,
  title        = {About-Techonology},
  howpublished = {webpage},
  owner        = {S17-IR-2017},
  timestamp    = {2017-03-24},
  url          = {https://pivotal.io/pivotal-hdb},
}

@Misc{www-hawq-architecture,
  title        = {Architecture of Pivotal HAWQ},
  howpublished = {webpage},
  owner        = {S17-IR-2017},
  timestamp    = {2017-03-24},
  url          = {http://hdb.docs.pivotal.io/212/hawq/overview/HAWQArchitecture.html},
}

@Misc{www-about-mpp,
  author       = {Margaret Rouse and Matthew Haughn},
  title        = {About MPP},
  howpublished = {webpage},
  owner        = {S17-IR-2017},
  timestamp    = {2017-03-24},
  url          = {http://searchdatamanagement.techtarget.com/definition/MPP-database-massively-parallel-processing-database},
}

@Misc{www-udt,
  title        = {About UDT},
  howpublished = {webpage},
  owner        = {S17-IR-2017},
  timestamp    = {2017-03-24},
  url          = {https://en.wikipedia.org/wiki/UDP-based_Data_Transfer_Protocol},
}

@Misc{www-about-hawq,
  title        = {About HAWQ},
  howpublished = {webpage},
  owner        = {S17-IR-2017},
  timestamp    = {2017-03-24},
  url          = {http://hdb.docs.pivotal.io/212/hawq/overview/HAWQOverview.html},
}

@Misc{www-pivotal-courses,
  title        = {educational courses},
  howpublished = {webpage},
  owner        = {S17-IR-2017},
  timestamp    = {2017-03-24},
  url          = {https://pivotal.io/training/courses},
}

@Misc{www-about-hadoop,
  title        = {About Hadoop},
  howpublished = {webpage},
  owner        = {S17-IR-2017},
  timestamp    = {2017-03-24},
  url          = {https://en.wikipedia.org/wiki/Apache_Hadoop},
}

@InProceedings{www-paper-cbir,
  author    = {H\"{o}rster, Eva and Lienhart, Rainer and Slaney, Malcolm},
  title     = {Image Retrieval on Large-scale Image Databases},
  booktitle = {Proceedings of the 6th ACM International Conference on Image and Video Retrieval},
  year      = {2007},
  series    = {CIVR '07},
  pages     = {17--24},
  address   = {New York, NY, USA},
  publisher = {ACM},
  acmid     = {1282283},
  doi       = {10.1145/1282280.1282283},
  isbn      = {978-1-59593-733-9},
  keywords  = {large-scale image retrieval, latent Dirichlet allocation},
  location  = {Amsterdam, The Netherlands},
  numpages  = {8},
  url       = {http://doi.acm.org/10.1145/1282280.1282283},
}

@Misc{www-pivotal-hulu,
  title        = {pivotal hulu use case},
  howpublished = {webpage},
  owner        = {S17-IR-2017},
  timestamp    = {2017-03-24},
  url          = {http://hdb.docs.pivotal.io/212/hawq/overview/HAWQArchitecture.html},
}

@Misc{www-hawq-arch-image,
  title        = {Pivotal Architecture Online Image},
  howpublished = {webpage},
  owner        = {S17-IR-2017},
  timestamp    = {2017-03-24},
  url          = {https://hdb.docs.pivotal.io/211/hawq/mdimages/hawq_high_level_architecture.png},
}

@Misc{www-udp,
  title        = {About UDP},
  howpublished = {webpage},
  owner        = {S17-IR-2017},
  timestamp    = {2017-04-09},
  url          = {https://en.wikipedia.org/wiki/User_Datagram_Protocol},
}

@Misc{www-jdbc,
  title        = {About JDBC},
  howpublished = {webpage},
  owner        = {S17-IR-2017},
  timestamp    = {2017-04-09},
  url          = {https://en.wikipedia.org/wiki/Java_Database_Connectivity},
}

@Misc{www-odbc,
  title        = {About ODBC},
  howpublished = {webpage},
  owner        = {S17-IR-2017},
  timestamp    = {2017-04-09},
  url          = {https://en.wikipedia.org/wiki/Open_Database_Connectivity},
}

@Misc{www-olap,
  title        = {About OLAP},
  howpublished = {webpage},
  owner        = {S17-IR-2017},
  timestamp    = {2017-04-09},
  url          = {https://en.wikipedia.org/wiki/Online_analytical_processing},
}

@Misc{www-apache-ambari,
  title        = {About Apache Ambari},
  howpublished = {webpage},
  owner        = {S17-IR-2017},
  timestamp    = {2017-04-09},
  url          = {https://ambari.apache.org/},
}

@Misc{www-node-manager,
  title        = {About NodeManager Overview},
  howpublished = {webpage},
  owner        = {S17-IR-2017},
  timestamp    = {2017-04-09},
  url          = {https://docs.oracle.com/cd/E13222_01/wls/docs81/adminguide/nodemgr.html},
}

@Misc{www-cbir,
  title        = {About CBIR},
  howpublished = {webpage},
  owner        = {S17-IR-2017},
  timestamp    = {2017-03-24},
  url          = {https://content.pivotal.io/blog/content-based-image-retrieval-using-pivotal-hd-with-hawq},
}

@Comment{jabref-meta: databaseType:bibtex;}
