@InProceedings {reefpaper,
  Author = 		{{Byung-Gon Chun, Chris Douglas, Shravan Narayanamurthy, Josh Rosen, Tyson Condie, Sergiy Matusevych, Raghu Ramakrishnan, Russell Sears, Carlo Curino, Brandon Myers, Sriram Rao, Markus Weimer}},
  Title = 		{REEF: Retainable Evaluator Execution Framework},
  Booktitle = 		{VLDB Endowment, Vol. 6, No. 12},
  Year = 		2013,
  Month = 		aug,
  Owner = 		{S17-IR-2012},
  Numpages =		4,
  Url = 		{http://db.disi.unitn.eu/pages/VLDBProgram/pdf/demo/p841-sears.pdf}
}

@Misc {reefhome,
  Title = 		{Apache REEF™ - a stdlib for Big Data}, 
  Author = 		{{The Apache Software Foundation}},
  HowPublished = 	{Web Page},
  Month =	 	nov,
  Note =		{accessed 2017-03-15},
  Year =		2016,
  Owner = 		{S17-IR-2012},
  Url = 		{http://reef.apache.org/}  
}

@Misc {reefproposal,
  Title = 		{REEFProposal - Incubator}, 
  Author = 		{{The Apache Software Foundation}},
  HowPublished = 	{Web Page},
  Month =	 	aug,
  Note =		{accessed 2017-03-15},
  Year =		2014,
  Owner = 		{S17-IR-2012},
  Url = 		{https://wiki.apache.org/incubator/ReefProposal}  
}

@Misc {techopedia,
  Title = 		{Retainable Evaluator Execution Framework (REEF)}, 
  Author = 		{{Techopedia Inc.}},
  HowPublished = 	{Web Page},
  Month =	 	jan,
  Note =		{accessed 2017-03-17},
  Year =		2017,
  Owner = 		{S17-IR-2012},
  Url = 		{https://www.techopedia.com/definition/29891/retainable-evaluator-execution-framework-reef}  
}


@InProceedings {reefarticle,
  Author = 		{{Markus Weimer, Yingda Chen, Byung-Gon Chun, Tyson Condie, Carlo Curino, Chris Douglas, Yunseong Lee, Tony Majestro, Dahlia Malkhi, Sergiy Matusevych, Brandon Myers, Shravan Narayanamurthy, Raghu Ramakrishnan, Sriram Rao, Russell Sears, Beysim Sezgin, Julia Wang}},
  Title = 		{REEF: Retainable Evaluator Execution Framework},
  Booktitle = 		{Proc ACM SIGMOD Int Conf Manag Data. Author manuscript},
  Year = 		2016,
  Pages = 		{1343-1355},
  Month = 		jan,
  Doi = 		{10.1145/2723372.2742793},
  Owner = 		{S17-IR-2012},
  Url = 		{https://www.ncbi.nlm.nih.gov/pmc/articles/PMC4724804/},
}

@Misc {reeftang,
  Title = 		{Tang}, 
  Author = 		{{The Apache Software Foundation}},
  HowPublished = 	{Web Page},
  Month =	 	nov,
  Note =		{accessed 2017-03-15},
  Year =		2016,
  Owner = 		{S17-IR-2012},
  Url = 		{http://reef.apache.org/tang.html}  
}

@Misc {hadoop,
  Title = 		{Welcome to Apache™ Hadoop®!}, 
  Author = 		{{The Apache Software Foundation}},
  HowPublished = 	{Web Page},
  Month =	 	mar,
  Note =		{accessed 2017-03-28},
  Year =		2017,
  Owner = 		{S17-IR-2012},
  Url = 		{http://hadoop.apache.org/}  
}

@Misc {reefwake,
  Title = 		{Wake}, 
  Author = 		{{The Apache Software Foundation}},
  HowPublished = 	{Web Page},
  Month =	 	dec,
  Note =		{accessed 2017-03-15},
  Year =		2016,
  Owner = 		{S17-IR-2012},
  Url = 		{http://reef.apache.org/wake.html}  
}

@Misc {reefconfluence,
  Title = 		{REEF}, 
  Author = 		{{The Apache Software Foundation}},
  HowPublished = 	{Web Page},
  Month =	 	oct,
  Note =		{accessed 2017-03-15},
  Year =		2014,
  Owner = 		{S17-IR-2012},
  Url = 		{https://cwiki.apache.org/confluence/display/REEF/Home}  
}

