@Misc {www-underscore,
  key =		 {google},
  howpublished = {Web Page},
  url =		 {http://www.google.com/some_underscore}
}

@Misc{www-rosmain,
  Title                    = {About ROS},
  Author                   = {{Open Source Robotics Foundation}},
  HowPublished             = {Web page},
  Month                    = {mar},
  Note                     = {accessed 16-mar-2017},
  Year                     = {2017},
  Owner                    = {S17-IO-3010},
  Timestamp                = {2017.03.16},
  Url                      = {http://www.ros.org/about-ros/}
}

@Misc{www-ros-about,
  Title                    = {Why {ROS}?: Is {ROS} for Me?},
  Author                   = {{Open Source Robotics Foundation}},
  HowPublished             = {Web page},
  Month                    = {mar},
  Note                     = {accessed 16-mar-2017},
  Year                     = {2017},
  Owner                    = {S17-IO-3010},
  Timestamp                = {2017.03.16},
  Url                      = {www.ros.org/is-ros-for-me/}
}

@Misc{www-wikipedia-bsd,
  Title                    = {BSD licenses --- {W}ikpedia{,} The Free Encyclopedia},
  Author                   = {Wikipedia},
  HowPublished             = {Web page},
  Month                    = {mar},
  Note                     = {accessed 16-mar-2017},
  Year                     = {2017},
  Owner                    = {S17-IO-3010},
  Timestamp                = {2017.03.16},
  Url                      = {https://en.wikipedia.org/wiki/BSD_licenses}
}

@Misc{www-ros-core-components,
  Title                    = {Why {ROS}?: Features: Core Components},
  Author                   = {{Open Source Robotics Foundation}},
  HowPublished             = {Web page},
  Month                    = {mar},
  Note                     = {accessed 17-mar-2017},
  Year                     = {2017},
  Owner                    = {S17-IO-3010},
  Timestamp                = {2017.03.17},
  Url                      = {http://www.ros.org/core-components/}
}

@Misc{www-wiki-qt,
  Title                    = {Qt (software) -- {W}ikpedia{,} The Free Encyclopedia},
  Author                   = {Wikipedia},
  HowPublished             = {Web page},
  Month                    = {mar},
  Note                     = {accessed 17-mar-2017},
  Year                     = {2017},
  Owner                    = {S17-IO-3010},
  Timestamp                = {2017.03.17},
  Url                      = {https://en.wikipedia.org/wiki/Qt_(software)}
}
