% Encoding: UTF-8
@inproceedings{OpenLambda,
  author    = {Scott Hendrickson and
               Stephen Sturdevant and
               Tyler Harter and
               Venkateshwaran Venkataramani and
               Andrea C. Arpaci{-}Dusseau and
               Remzi H. Arpaci{-}Dusseau},
  title     = {Serverless Computation with OpenLambda},
  booktitle = {8th {USENIX} Workshop on Hot Topics in Cloud Computing, HotCloud 2016,
               Denver, CO, USA, June 20-21, 2016.},
  year = {2016},
  location = {Denver, CO},
  publisher = {USENIX Association},
  address = {Berkeley, CA, USA},
  url       = {https://www.usenix.org/conference/hotcloud16/workshop-program/presentation/hendrickson},
  timestamp = {Fri, 08 Jul 2016 13:26:26 +0200},
}

@Misc{www-Serverless,
  author       = {Roberts,Mike},
  title        = {{Serverless}},
  month        = aug,
  year         = {2016},
  howpublished = {Web Page},
  note         = {accessed 2017-03-26},
  url          = {https://martinfowler.com/articles/serverless.html},
}

@Misc{www-AWSLambda,
  author       = {{Amazon Web Services, Inc}},
  title        = {{AWS Lambda}},
  howpublished = {Web Page},
  note         = {accessed 2017-03-26},
  url          = {https://aws.amazon.com/lambda/},
}


@Misc{www-AWSLambdaDoc,
  author       = {{Amazon Web Services, Inc}},
  title        = {{AWS Lambda Doc}},
  howpublished = {Web Page},
  note         = {accessed 2017-03-26},
  url          = {https://aws.amazon.com/documentation/lambda/},
}

@Misc{www-AWSLambdaUseCase,
  author       = {{Amazon Web Services, Inc}},
  title        = {{AWS Lambda Use Case}},
  howpublished = {Web Page},
  note         = {accessed 2017-03-26},
  url          = {http://docs.aws.amazon.com/lambda/latest/dg/use-cases.html},
}

@Misc{www-AWSLambdaBustle,
  author       = {{Amazon Web Services, Inc}},
  title        = {{Bustle Case Study}},
  howpublished = {Web Page},
  note         = {accessed 2017-03-26},
  url          = {https://aws.amazon.com/solutions/case-studies/bustle/},
}

@Misc{www-AWSLambdaZillow,
  author       = {{Amazon Web Services, Inc}},
  title        = {{AWS re:Invent 2015 | (BDT307) Zero Infrastructure, Real-Time Data Collection, and Analytics}},
  month        = oct,
  year         = {2015},
  howpublished = {\url{https://www.youtube.com/watch?v=ygHGPnAd0Uo}},
  organization = {Youtube},
  note         = {accessed 2017-03-26},
}


@Misc{www-AWSLambdaPricing,
  author       = {{Amazon Web Services, Inc}},
  title        = {{AWS Lambda Pricing}},
  howpublished = {Web Page},
  note         = {accessed 2017-03-26},
  url          = {https://aws.amazon.com/lambda/pricing/},
}


@Misc{www-AWSEBS,
  author       = {{Amazon Web Services, Inc}},
  title        = {{AWS Elastic Beanstalk}},
  howpublished = {Web Page},
  note         = {accessed 2017-03-26},
  url          = {https://aws.amazon.com/elasticbeanstalk/},
}

@Misc{www-AWSKinesis,
  author       = {{Amazon Web Services, Inc}},
  title        = {{AWS Kinesis Streams}},
  howpublished = {Web Page},
  note         = {accessed 2017-03-26},
  url          = {https://aws.amazon.com/kinesis/streams/},
}

@Misc{www-AWSDynamoStream,
  author       = {{Amazon Web Services, Inc}},
  title        = {{AWS Dynamo DB Streams}},
  howpublished = {Web Page},
  note         = {accessed 2017-03-26},
  url          = {http://docs.aws.amazon.com/amazondynamodb/latest/APIReference/API_Types_Amazon_DynamoDB_Streams.html},
}

@Misc{www-CouchAWSLambda,
  author       = {Gupta,Arun},
  title        = {Serverless FaaS with AWS Lambda and Java},
  month        = jan,
  year         = {2017},
  howpublished = {Web Page},
  note         = {accessed 2017-03-26},
  url          = {https://blog.couchbase.com/serverless-faas-aws-lambda-java/},
}

@Misc{www-AWSLambdaCompareTable,
  author       = {Parenzan,Marco},
  title        = {Microsoft Azure Functions vs. Google Cloud Functions vs. AWS Lambda},
  howpublished = {Web Page},
  month        = feb,
  year         = {2017},
  note         = {accessed 2017-03-26},
  owner        = {S17-IO-3023},
  url          = {http://cloudacademy.com/blog/microsoft-azure-functions-vs-google-cloud-functions-fight-for-serverless-cloud-domination-continues/},
}



@Comment{jabref-meta: databaseType:bibtex;}
