@Misc{www-ansible,
  Title =	 {How Ansible Works},
  Author =	 {{{Red Hat Inc.}}},
  HowPublished = {Web Page},
  Month =	 feb,
  Note =	 {Accessed: 2017-02-14},
  Year =	 2016,
  Owner =	 {S17-IR-2011},
  Url =		 {https://www.ansible.com/how-ansible-works}
}

@Misc{www-ansible2,
  Title =	 {Ansible Documentation},
  Author =	 {{Red Hat Inc.}},
  HowPublished = {Web Page},
  Month =	 feb,
  Note =	 {Accessed: 2017-02-15},
  Year =	 2016,
  Owner =	 {S17-IR-2011},
  Url =		 {https://docs.ansible.com/ansible/index.html}
}

@Misc{www-ansible-wikipedia,
  Title =	 {Ansible (software)},
  Author =	 {{Wikipedia}},
  HowPublished = {Web Page},
  Month =	 feb,
  Note =	 {Accessed: 2017-02-20},
  Year =	 2017,
  Owner =	 {S17-IR-2011},
  Url =		 {https://en.wikipedia.org/wiki/Ansible_(software)}
}

@Misc{github-ansible,
  Title =	 {Ansible},
  Author =	 {{Michael DeHaan}},
  HowPublished = {Code Repository},
  Month =	 feb,
  Note =	 {Accessed: 2017-02-21},
  Year =	 2017,
  Owner =	 {S17-IR-2011},
  Url =		 {https://github.com/ansible/ansible}
}

@Misc{www-ansible3,
  Title =	 {Ansible In Depth},
  Author =	 {{Red Hat Inc.}},
  HowPublished = {Web Page},
  Month =	 feb,
  Note =	 {Accessed: 2017-02-23},
  Year =	 2016,
  Owner =	 {S17-IR-2011},
  Url =		 {https://www.ansible.com/ansible-in-depth-whitepaper}
}

@Misc{www-ansible4,
  Title =	 {Ansible Vs Puppet},
  Author =	 {{UpGuard Inc.}},
  HowPublished = {Web Page},
  Month =	 feb,
  Note =	 {Accessed: 2017-02-24},
  Year =	 2017,
  Owner =	 {S17-IR-2011},
  Url =		 {https://www.upguard.com/articles/ansible-puppet}
}

@Misc{www-ansible5,
  Title =	 {Playbooks},
  Author =	 {{Red Hat Inc.}},
  HowPublished = {Web Page},
  Month =	 feb,
  Note =	 {Accessed: 2017-02-24},
  Year =	 2016,
  Owner =	 {S17-IR-2011},
  Url =		 {https://docs.ansible.com/ansible/playbooks.html}
}
