@Misc{www-apache-spark,
title = {Overview - Spark 2.1.0 Documentation},
key = {asf},
note ={Accessed: 03-12-2017},
howpublished ={Web Page},
author = {Apache Software Foundation},
url ={http://spark.apache.org/docs/latest/index.html}
}

@Misc{www-opencv,
title = {Home - opencv/opencv Wiki},
key = {opencv},
note ={Accessed: 03-12-2017},
howpublished ={Code Repository},
author = {},
url ={https://github.com/opencv/opencv/wiki}
}