% This file was created with JabRef 2.10.
% Encoding: UTF-8


@Misc{www-kvm-evolution,
  Title                    = {{Ten years of KVM}},

  Author                   = {{Amit Shah}},
  HowPublished             = {Web Page},
  Month                    = nov,
  Year                     = {2016},

  Url                      = {https://lwn.net/Articles/705160/}
}

@InProceedings{xenvirtualization,
  Title                    = {{Xen and the art of virtualization}},
  Author                   = {Paul Barham and Boris Dragovic and Keir Fraser and Steven Hand and Tim Harris and Alex Ho and Rolf Neugebauer and Ian Pratt and Andrew Warfield},
  Booktitle                = {Proceedings of the nineteenth ACM symposium on Operating systems principles},
  Year                     = {2003},

  Address                  = {New York, NY, USA},
  Pages                    = {164--177},
  Publisher                = {ACM},
  Series                   = {SOSP '03},

  Acmid                    = {945462},
  Doi                      = {10.1145/945445.945462},
  ISBN                     = {1-58113-757-5},
  Keywords                 = {xen},
  Location                 = {Bolton Landing, NY, USA},
  Numpages                 = {14},
  Url                      = {http://dl.acm.org/citation.cfm?id=945462}
}

@Misc{www-tech-comparison,
  Title                    = {{Virtualization Performance: Zones, KVM, Xen}},

  Author                   = {{Brendan Gregg}},
  HowPublished             = {Web Page},
  Month                    = jan,
  Year                     = {2013},

  Key                      = {google},
  Keywords                 = {dtrace, kvm, performance, xen, zones},
  Url                      = {http://dtrace.org/blogs/brendan/2013/01/11/virtualization-performance-zones-kvm-xen/}
}

@Misc{www-xen-pvh,
  Title                    = {{Xen PVH}},

  Author                   = {{David Chisnall}},
  HowPublished             = {Web Page},
  Month                    = jun,
  Year                     = {2014},

  Url                      = {http://www.informit.com/articles/article.aspx?p=2233978}
}

@Misc{www-hypervisor-containers,
  Title                    = {{Hypervisor-Based Containers}},

  Author                   = {{Stefano Stabellini}},
  HowPublished             = {Web Page},
  Month                    = dec,
  Year                     = {2016},

  Url                      = {https://thenewstack.io/hypervisors-container-era/}
}

@Misc{www-hypervisor-17,
  Title                    = {{Hypervisor in 2017}},

  Author                   = {{Stefano Stabellini, James Bulpin}},
  HowPublished             = {Web Page},
  Month                    = dec,
  Year                     = {2016},

  Url                      = {goo.gl/S3X1oQ}
}

@Misc{www-kvm-rise,
  Title                    = {{Rise of KVM}},

  Author                   = {{Thorsten Leemhuis}},
  HowPublished             = {Web Page},
  Month                    = jun,
  Year                     = {2011},

  Url                      = {http://www.h-online.com/open/features/Xen-lets-KVM-overtake-1262171.html}
}

@Misc{www-kvm-wiki,
  Title                    = {{KVM - Wikipedia}},
  HowPublished             = {Web Page},
  Month                    = feb,
  Year                     = {2017},

  Keywords                 = {kvm},
  Url                      = {https://en.wikipedia.org/wiki/Kernel-based_Virtual_Machine}
}

@Misc{www-xen-4.7-feature-list,
  Title                    = {{Xen Project 4.7 Feature List}},
  HowPublished             = {Web Page},
  Month                    = jun,
  Year                     = {2016},

  Owner                    = {{Xen Project}},
  Url                      = {https://wiki.xenproject.org/wiki/Xen_Project_4.7_Feature_List}
}

@Misc{www-xen-4.8-release-note,
  Title                    = {{Xen Project 4.8 Release Note}},
  HowPublished             = {Web Page},
  Month                    = dec,
  Year                     = {2016},

  Owner                    = {{Xen Project}},
  Url                      = {https://blog.xenproject.org/2016/12/07/whats-new-with-xen-project-hypervisor-4-8/}
}

@Misc{www-xen-wiki,
  Title                    = {{Xen Project Software Overview}},
  HowPublished             = {Web Page},
  Month                    = mar,
  Year                     = {2016},

  Keywords                 = {Xen Project, Wiki},
  Url                      = {https://wiki.xenproject.org/wiki/Xen_Project_Software_Overview}
}

@Misc{www-xen-arch-diag,
  Title                    = {{Xen Architecture Diagram}},
  HowPublished             = {Web Page},
  Month                    = apr,
  Year                     = {2015},

  Owner                    = {{Xen Project}},
  Url                      = {https://wiki.xenproject.org/wiki/File:Xen_Arch_Diagram.png}
}

