
@Misc{www-collectd,
  title        = {collectd - The system statistics collection daemon},
  howpublished = {Web Page},
  note         = {Accessed: 2017-02-26},
  owner        = {S17-IO-3005, S17-IO-3000},
  url          = {https://collectd.org/},
}

@Misc{www-spark-python,
  title        = {{Spark Python API (PySpark)}},
  howpublished = {Web Page},
  note         = {Accessed: 2017-02-26},
  owner        = {S17-IO-3005, S17-IO-3000},
  url          = {https://spark.apache.org/docs/0.9.1/python-programming-guide.html},
}

@Misc{www-sparkml,
  title        = {Spark ML Programming Guide},
  howpublished = {Web Page},
  note         = {Accessed: 2017-02-26},
  owner        = {S17-IO-3005, S17-IO-3000},
  url          = {https://spark.apache.org/docs/1.2.2/ml-guide.html},
}

@Misc{www-word2vec,
  title        = {{Word2Vec}, learning vector representation of words},
  howpublished = {Web Page},
  note         = {Accessed: 2017-02-26},
  owner        = {S17-IO-3005, S17-IO-3000},
  url          = {https://en.wikipedia.org/wiki/Word2vec},
}
@Misc{www-ansible,
  Title        = {Ansible Documentation}, 
  Author       = {{Red Hat, Inc.}},
  HowPublished = {Web Page},
  Month        = jan,
  Note         = {accessed 2017-01-13},
  Year         = 2015,
  Owner        = {S17-IO-3005, S17-IO-3000},
  Url          = {https://docs.ansible.com/ansible/index.html}
}

@Misc{www-cloudmesh,
  title        = {Cloudmesh Client},
  howpublished = {Code Repo},
  abstract     = {Cloudmesh client is a simple client to enable access to multiple cloud environments form a command shell and commandline.},
  owner        = {S17-IO-3005, S17-IO-3000},
  url          = {https://github.com/cloudmesh/client},
}

