
@TechReport{paper-jansen,
key = {Cornell}, 
author    = {Jansen, B. J. and Spink, A. and Ciamacca, C },
 title = {An analysis of travel information searching on the We},
 institution = {Pennsylvania State University},
 year = {2018},
 type = {Paper},
 number = {10(2), 101-118},
 address = {},
 note = {Accessed: 2017-3-14},
 owner = {S17-IR-P002},
 url = {https://faculty.ist.psu.edu/jjansen/academic/jansen_travel_searching.pdf},
}

@Book{book-sandy,
title = {Sandy Berger's Great Age Guide to Online Travel},
publisher = {Que Publishing},
year = {2005},
author = {Sandy Berger},
address = {Greenwich, CT, USA},
edition = {1st},
isbn = {7897344274},
asin = {0789734427},
date = {09-17-2005},
owner = {S17-IR-P002},
pagetotal = {288},
url = {https://www.amazon.com/Great-Guide-Internet-Sandy-Berger/dp/0789734427},
}

@InProceedings{conf-metasearch,
  author    = {Eric J. Glover and Steve Lawrence1 and William P. Birmingham and C. Lee Giles},
  title     = {Architecture of a Metasearch Engine that Supports User Information NeedsArchitecture of a Metasearch Engine that Supports User Information Needs},
  booktitle = {Eigth International Conference on Information Knowledge Management},
  year      = {1999},
  editor    = {},
  pages     = {210-216},
  month     = November,
  publisher = {{ACM New York}, NY, USA},
  owner     = {S17-IO-P002},
  url       = {http://www.researchgate.net/publication/2596239_Architecture_of_a_Metasearch_Engine_that_Supports_User_Information_Needs/file/d912f5131046ecac21.pdf},
}

@misc{www-hive,
  author =	 {Lefty Leverenz},
  title =	 {GettingStarted with HIVE, Apache Software Foundation},
  url =		 {https://cwiki.apache.org/confluence/display/Hive/GettingStarted},
  howpublished = {Web Page},
  year =	 2016,
  month =	 Sep,
}

