@misc{www-h2o-webpage,
  title =	 {{H2O Documentation}},
  url =		 {https://h2o-release.s3.amazonaws.com/h2o/rel-turing/7/docs-website/h2o-docs/welcome.html},
  howpublished = {Web Page},
  
  year =	 2016,
  month =	 sep
}

@misc{www-h2oyoutubevideo,
  author =	 {{H2O.ai}},
  title =	 {{Oxdata H2O Explainer Video}},
  url =		 {https://www.youtube.com/watch?v=UGW3cT_cZLc},
  howpublished = {Web Page},
 
  year =	 2013,
  month =	 aug
}
@misc{www-h2o-requirements,
  
  title =	 {{Requirements of H2O}},
  url =		 {https://h2o-release.s3.amazonaws.com/h2o/rel-turing/7/docs-website/h2o-docs/welcome.html#requirements},
  howpublished = {Web Page},
  
  year =	 2016,
  month =	 sep
}
@misc{www-h2o-architecture,
  
  title =	 {{H2O Architecture}},
  url =		 {https://h2o-release.s3.amazonaws.com/h2o/rel-turing/7/docs-website/h2o-docs/architecture.html},
  howpublished = {Web Page},
 
  year =	 2016,
  month =	 sep
}
@misc{www-h2o-capitalone,
  author =	 {{Brendan Herger}},
  title =	 {{Capital One on Machine Learning using H2O }},
  url =		 {https://www.youtube.com/watch?v=L6a8oITd2L8},
  howpublished = {Youtube Video},
  
  year =	 2016,
  month =	 jan
}

@misc{www-h2o-marketshare,
  author =	 {{Prateem Mandal}},
  title =	 {{MarketShare turns to H2O for Digital Marketing Analytics}},
  url =		 {https://www.youtube.com/watch?v=L6a8oITd2L8},
  howpublished = {Youtube Video},
  
  year =	 2016,
  month =	 jan
}
@misc{www-h2o-why,
  
  title =	 {{Why H2O}},
  url =		 {http://www.h2o.ai/h2o/},
  howpublished = {Web Page},
  
  year =	 2016,
  month =	 sep
}

