
@Misc{www-mongo1,
  author       = {{MongoDB, Inc}},
  title        = {Real-Time Analytics},
  howpublished = {Web Page},
  owner        = {S17-IO-3017},
  url          = {https://www.mongodb.com/use-cases/real-time-analytics},
}

@Misc{www-mongo2,
  author       = {{Edmond Lau}},
  title        = {What are the problems that a NoSQL database tries to solve?},
  howpublished = {Web Page},
  month        = {Jan},
  year         = {2011},
  owner        = {S17-IO-3017},
  url          = {https://www.quora.com/What-are-the-problems-that-a-NoSQL-database-tries-to-solve},
}

@Misc{www-mongo3,
  author       = {{MongoDB, Inc}},
  title        = {Capacity Planning and Hardware Provisioning for MongoDB In Ten Minutes},
  howpublished = {Web Page},
  owner        = {S17-IO-3017},
  url          = {https://www.mongodb.com/blog/post/capacity-planning-and-hardware-provisioning-mongodb-ten-minutes},
}

@Misc{www-mongo4,
  author       = {{Mat Keep}},
  title        = {Preparing for Your First MongoDB Deployment: Capacity Planning and Monitoring},
  howpublished = {Web Page},
  month        = {Oct},
  year         = {2013},
  owner        = {S17-IO-3017},
  url          = {https://www.infoq.com/articles/mongodb-deployment-monitoring},
}

@Misc{slides-mongo1,
  author       = {{William LaForest}},
  title        = {An Introduction to Big Data, NoSQL and MongoDB},
  howpublished = {Slides on Web},
  month        = {Mar},
  year         = {2012},
  owner        = {S10-IO-3017},
  url          = {https://www.slideshare.net/wlaforest/an-introduction-to-big-data-nosql-and-mongodb},
}

@Misc{www-mongo5,
  author       = {{VLAD MIHALCEA}},
  title        = {MongoDB Facts: 80000+ inserts/second on commodity hardware},
  howpublished = {Web Page},
  month        = {Dec},
  year         = {2013},
  owner        = {S17-IO-3017},
  url          = {https://vladmihalcea.com/2013/12/01/mongodb-facts-80000-insertssecond-on-commodity-hardware/},
}

@Misc{paper-mongo1,
  author       = {{MongoDB, Inc}},
  title        = {MongoDB: Bringing Online Big Data to Business Intelligence \& Analytics},
  howpublished = {PDF on Web},
  month        = {Jun},
  year         = {2016},
  owner        = {S17-IO-3017},
  url          = {http://s3.amazonaws.com/info-mongodb-com/MongoDB_BI_Analytics.pdf},
}

@Misc{www-mongo6,
  author       = {{MongoDB, Inc.}},
  title        = {Flexible enough to fit any Industry},
  howpublished = {Web Page},
  owner        = {S17-IO-3017},
  url          = {https://www.mongodb.com/who-uses-mongodb},
}

@Misc{www-mongo7,
  author       = {{MongoDB, Inc}},
  title        = {Hadoop and MongoDB Use Cases},
  howpublished = {Web Page},
  owner        = {S17-IO-3017},
  url          = {https://docs.mongodb.com/ecosystem/use-cases/hadoop/},
}

@Misc{www-mongo8,
  author       = {{Matt Kalan}},
  title        = {Using MongoDB with Apache Spark},
  howpublished = {Web Page},
  month        = {Mar},
  year         = {2015},
  owner        = {S17-IO-3017},
  url          = {https://databricks.com/blog/2015/03/20/using-mongodb-with-spark.html},
}

@Misc{www-mongo9,
  author       = {{David Beach}},
  title        = {Wiki - Monary},
  howpublished = {Web Page},
  note         = {Last updated on 2015-07-01},
  owner        = {S17-IO-3017},
  url          = {https://bitbucket.org/djcbeach/monary/wiki/Home},
}

@Misc{www-mongo10,
  author       = {{solid IT}},
  title        = {System Properties Comparison Cassandra vs. HBase vs. MongoDB},
  howpublished = {Web Page},
  owner        = {S17-IO-3017},
  url          = {http://db-engines.com/en/system/Cassandra%3BHBase%3BMongoDB},
}

@Misc{www-mongo11,
  author       = {{Cesar Trigo Esteban}},
  title        = {MongoDB: Characteristics and future},
  howpublished = {Web Page},
  month        = {Aug},
  year         = {2014},
  owner        = {S17-IO-3017},
  url          = {http://www.mongodbspain.com/en/2014/08/17/mongodb-characteristics-future/},
}

@Misc{www-mongo12,
  author       = {{MongoDB, Inc}},
  title        = {Map-Reduce},
  howpublished = {Web Page},
  owner        = {S17-IO-3017},
  url          = {https://docs.mongodb.com/manual/core/map-reduce/},
}

@Misc{www-mongo13,
  author       = {{MongoDB, Inc}},
  title        = {Massive MongoDB Ecosystem Flourishes with Worldâ€™s Fastest Growing Database},
  howpublished = {Web Page},
  owner        = {S17-IO-3017},
  url          = {https://www.mongodb.com/press/massive-mongodb-ecosystem-flourishes-world%E2%80%99s-fastest-growing-database},
}

