@InProceedings{las14cloudmeshmultiple,
  title =	 {{Accessing Multiple Clouds with Cloudmesh}},
  author =	 {von Laszewski, Gregor and Wang, Fugang and Lee,
                  Hyungro and Chen, Heng and Fox, Geoffrey C.},
  booktitle =	 {Proceedings of the 2014 ACM International Workshop
                  on Software-defined Ecosystems},
  year =	 2014,
  address =	 {New York, NY, USA},
  pages =	 {21--28},
  publisher =	 {ACM},
  series =	 {BigSystem '14},
  acmid =	 2609638,
  doi =		 {10.1145/2609441.2609638},
  isbn =	 {978-1-4503-2909-5},
  keywords =	 {cloud computing},
  location =	 {Vancouver, BC, Canada},
  numpages =	 8,
  url =		 {http://doi.acm.org/10.1145/2609441.2609638}
}

@misc{www-i524,
  author =	 {{Gregor von Laszewski and Badi Abdul-Wahid}},
  title =	 {{Big Data Classes}},
  url =		 {https://cloudmesh.github.io/classes/},
  howpublished = {Web Page},
  address =	 {Indiana University},
  year =	 2017,
  month =	 jan
}

@Misc {www-underscore,
  key =		 {google},
  howpublished = {Web Page},
  url =		 {http://www.google.com/some_underscore}
}
@Misc{www-millionsong,
  author       = {{labrosa}},
  title        = {Million Song Dataset},
  howpublished = {WebPage},
  year         = {2012},
  owner        = {S17-IO-3013},
  timestamp    = {2017-03-13},
  url          = {https://labrosa.ee.columbia.edu/millionsong/},
}
@Misc{www-billboard,
  title        = {http://www.billboard.com/charts},
  howpublished = {WebPage},
  year         = {2017},
  owner        = {S17-IO-3013},
  timestamp    = {2017-03-13},
  url          = {http://www.billboard.com/charts},
}

