% Encoding: UTF-8

@Misc{www-ranger-faq,
  author = {Apache Software Foundation},
  title  = {Apache Ranger - Frequenty Asked Questions},
  owner  = {SL-IO-3000},
  url    = {http://ranger.apache.org/faq.html#How_does_it_work_over_Hadoop_and_related_components},
  howpublished = {Web Page},
  note         = {Online; accessed 9-Mar-2017},
  key          = {www-ranger-faq},
}

@Misc{www-ranger-architecture,
  author = {Hortonworks},
  title  = {Apache Ranger - Overview},
  owner  = {SL-IO-3000},
  url    = {https://hortonworks.com/apache/ranger/#section_2},
  howpublished = {Web Page},
  note         = {Online; accessed 9-Mar-2017},
  key          = {www-ranger-architecture},
}

@Misc{www-ranger-on-apache-hadoop,
  author       = {Apache Software Foundation},
  title        = {Apache Ranger 0.5.0 Installation},
  owner        = {SL-IO-3000},
  url          = {https://cwiki.apache.org/confluence/display/RANGER/Apache+Ranger+0.5.0+Installation},
  howpublished = {Web Page},
  note         = {Online; accessed 9-Mar-2017},
  key          = {www-ranger-on-apache-hadoop},
}

@Misc{www-ranger-on-hdp,
  author       = {Horto},
  title        = {Installing Apache Rang},
  owner        = {SL-IO-3000},
  url          = {https://docs.hortonworks.com/HDPDocuments/HDP2/HDP-2.3.6/bk_installing_manually_book/content/ch_installing_ranger_chapter.html},
  howpublished = {Web Page},
  note         = {Online; accessed 9-Mar-2017},
  key          = {www-ranger-on-hdp},
}

@Misc{www-ranger-on-cdh,
  author       = {Cloudera},
  title        = {Configuring Authorization},
  owner        = {SL-IO-3000},
  url          = {https://www.cloudera.com/documentation/enterprise/5-6-x/topics/sg_authorization.html},
  howpublished = {Web Page},
  note         = {Online; accessed 9-Mar-2017},
  key          = {www-ranger-on-cdh},
}

@Misc{www-ranger-key-features,
  author       = {Syed Mahmood and Srikanth Venkat},
  title        = {FOR YOUR EYES ONLY: DYNAMIC COLUMN MASKING \& ROW-LEVEL FILTERING IN HDP2.5},
  month        = sep,
  year         = {2016},
  owner        = {SL-IO-3000},
  url          = {https://hortonworks.com/blog/eyes-dynamic-column-masking-row-level-filtering-hdp2-5/},
  howpublished = {Web Page},
  note         = {Online; accessed 9-Mar-2017},
  key          = {www-ranger-key-features},
}

@Misc{data-lake-whitepaper,
  author       = {Teradata and Hortonworks},
  title        = {Putting the Data Lake to Work - A Guide to Best Practices},
  month        = apr,
  year         = {2014},
  owner        = {SL-IO-3000},
  url          = {https://hortonworks.com/wp-content/uploads/2014/05/TeradataHortonworks_Datalake_White-Paper_20140410.pdf},
  howpublished = {Web Page},
  note         = {Online; accessed 9-Mar-2017},
  key          = {data-lake-whitepaper},
}

@Misc{www-5security-blog,
  author       = {Saggi Neumann},
  title        = {5 Hadoop Security Projects},
  month        = nov,
  year         = {2014},
  owner        = {SL-IO-3000},
  url          = {https://www.xplenty.com/blog/2014/11/5-hadoop-security-projects/},
  howpublished = {Web Page},
  note         = {Online; accessed 9-Mar-2017},
  key          = {www-5security-blog},
}

@Misc{www-apache-sentry,
  author       = {Apache Software Foundation},
  title        = {APACHE SENTRY},
  owner        = {SL-IO-3000},
  url          = {https://sentry.apache.org/},
  howpublished = {Web Page},
  note         = {Online; accessed 9-Mar-2017},
  key          = {www-apache-sentry},
}

@Misc{www-ranger-tutorial,
  author       = {Hortonworks},
  title        = {Apache Ranger Overview},
  howpublished = {Web},
  owner        = {SL-IO-3000},
  url          = {https://hortonworks.com/apache/ranger/#tutorials},
  howpublished = {Web Page},
  note         = {Online; accessed 9-Mar-2017},
  key          = {www-ranger-tutorial},
}

@Misc{www-ranger-quickstart,
  author       = {Apache Software Foundation},
  title        = {Apache Ranger - Quick Start Guide},
  owner        = {SL-IO-3000},
  url          = {http://ranger.apache.org/quick_start_guide.html},
  howpublished = {Web Page},
  note         = {Online; accessed 9-Mar-2017},
  key          = {www-ranger-quickstart},
}

@Comment{jabref-meta: databaseType:bibtex;}
