@Misc{boo,
  title        = {boo-box Serves 1 Billion Advertisements per Month with MySQL and Hadoop},
  howpublished = {Website},
  owner        = {S17-IO-3004},
  url          = {https://www.mysql.com/why-mysql/case-studies/1billion-advertisements-mysql-hadoop.html},
}

@Misc{mysqlcase,
  author       = {{MySQL}},
  title        = {Case Studies},
  howpublished = {Website},
  owner        = {S17-IO-3004},
  url          = {https://www.mysql.com/why-mysql/case-studies/},
}

@Misc{w3mysqlintro,
  author       = {{w3schools.com}},
  title        = {Introduction to SQL},
  howpublished = {Website},
  owner        = {S17-IO-3004},
  url          = {https://www.w3schools.com/sql/sql_intro.asp},
}

@Misc{devmysql,
  author       = {{MySQL}},
  title        = {MySQL 5.7 Reference Manual, Section 1.3.1 What is MySQL?},
  howpublished = {Website},
  comment      = {Accessed 27Feb2017},
  owner        = {S17-IO-3004},
  url          = {https://dev.mysql.com/doc/refman/5.7/en/what-is-mysql.html},
}

@Misc{health,
  title        = {MySQL in Healthcare},
  howpublished = {Website},
  owner        = {S17-IO-3004},
  url          = {https://www.mysql.com/industry/healthcare/},
}

@Misc{mysqltutorial,
  author       = {{MySQL Tutorial}},
  title        = {MySQL Tutorial},
  howpublished = {Website},
  owner        = {S17-IO-3004},
  url          = {http://www.mysqltutorial.org/},
}

@Misc{ibm,
  author       = {{ibm}},
  title        = {Tables, rows, and columns},
  howpublished = {Website},
  owner        = {S17-IO-3004},
  url          = {http://www.ibm.com/support/knowledgecenter/SSPK3V_6.3.0/com.ibm.swg.im.soliddb.sql.doc/doc/relational.databases.html},
}

@Misc{sqlcourse,
  title        = {What is SQL?},
  howpublished = {Website},
  owner        = {S17-IO-3004},
  url          = {http://www.sqlcourse.com/intro.html},
}

@Misc{mysqlhist,
  author       = {Emmanuelle Rieuf},
  title        = {History of MySQL},
  howpublished = {Website},
  month        = {December},
  year         = {2016},
  note         = {Blogpost},
  owner        = {S17-IO-3004},
  url          = {http://www.datasciencecentral.com/profiles/blogs/history-of-mysql},
}

@Misc{techsql,
  author       = {Margaret Rouse},
  title        = {SQL (Structured Query Language)},
  howpublished = {Website},
  month        = {September},
  year         = {2016},
  owner        = {S17-IO-3004},
  url          = {http://searchsqlserver.techtarget.com/definition/SQL},
}

@Misc{mysql50,
  author       = {{Code Conquest}},
  title        = {The 50 Best Websites to Learn MySQL},
  howpublished = {Website},
  month        = {August},
  year         = {2015},
  owner        = {S17-IO-3004},
  url          = {http://www.codeconquest.com/blog/top-50-websites-to-learn-mysql/},
}

@Misc{mysqlcomp,
  author       = {O.S. Tezer},
  title        = {SQLite vs MySQL vs PostgreSQL: A Comparison Of Relational Database Management Systems},
  howpublished = {Website},
  month        = {February},
  year         = {2014},
  owner        = {S17-IO-3004},
  url          = {https://www.digitalocean.com/community/tutorials/sqlite-vs-mysql-vs-postgresql-a-comparison-of-relational-database-management-systems},
}

@Misc{mysqlcern,
  author       = {Bertrand Matthelie},
  title        = {With Its MySQL Database-as-a-Service CERN Empowers Scientists},
  howpublished = {Website},
  month        = {October},
  year         = {2012},
  comment      = {Blog Post},
  owner        = {S17-IO-3004},
  url          = {https://blogs.oracle.com/MySQL/entry/with_its_mysql_database_as},
}

@Misc{searchsql,
  author       = {Margaret Rouse},
  title        = {Relational Database},
  howpublished = {Website},
  year         = {2006},
  owner        = {S17-IO-3004},
  url          = {http://searchsqlserver.techtarget.com/definition/relational-database},
}

@Misc{techrdbms,
  author       = {Margaret Rouse},
  title        = {Relational Database Mnagement System (RDBMS)},
  howpublished = {Website},
  month        = {November},
  year         = {2005},
  owner        = {S17-IO-3004},
  url          = {http://searchsqlserver.techtarget.com/definition/relational-database-management-system},
}

@Article{primarynumbers,
  author    = {A. Vaniachine and S. Eckmann and D. Malon and P. Nevski and Torre J. Wenaus},
  title     = {Primary Numbers Database for {ATLAS} Detector Description Parameters},
  journal   = {CoRR},
  year      = {2003},
  volume    = {cs.DB/0306103},
  bibsource = {dblp computer science bibliography, http://dblp.org},
  biburl    = {http://dblp.uni-trier.de/rec/bib/journals/corr/cs-DB-0306103},
  owner     = {S17-IO-3004},
  url       = {http://arxiv.org/abs/cs.DB/0306103},
}

@InBook{mik,
  chapter      = {1},
  pages        = {},
  title        = {Managing and Using MySQL},
  howpublished = {Website},
  publisher    = {O'Reilly},
  year         = {2002},
  author       = {George Reese AND Randy Jay Yarger AND Tim King AND Hugh E. Williams},
  url       = {http://docstore.mik.ua/orelly/weblinux2/mysql/ch01_01.htm},
  edition   = {2},
  owner     = {S17-IO-3004},
}

@InBook{mysqlbible,
  chapter   = {1},
  pages     = {3-8},
  title     = {MySQL Bible},
  publisher = {Wiley Publishing, Inc.},
  year      = {2002},
  author    = {Steve Suehring},
  editor    = {Terri Varveris AND Pat O'Brien AND Scott Hofmann AND Barry Childs-Helton AND TECHBOOKS Production Service AND Mary Beth Wakefield AND Laura Moss},
  owner     = {S17-IO-3004},
}
