% This file was created with JabRef 2.10.
% Encoding: UTF-8


@Misc{www-client,
  HowPublished             = {Web Page},

  Key                      = {client},
  Url                      = {https://github.com/cloudmesh/client}
}

