@Misc{www-rabbitmq-pivotal,
  author       = {{Pivotal}},
  title        = {{RabbitMQ}, components},
  howpublished = {Web Page},
  note         = {Accessed: 2017-02-02},
  owner        = {S17-IO-3005},
  url          = {https://www.rabbitmq.com/},
}

@Article{jones2011rabbitmq,
  author  = {Jones, Brett and Luxenberg, Scott and McGrath, David and Trampert, Paul and Weldon, Jonathon},
  title   = {RabbitMQ performance and scalability analysis},
  journal = {project on CS},
  year    = {2011},
  volume  = {4284},
  owner   = {S17-IO-3005},
  url     = {https://people.cs.vt.edu/butta/cs4284/spring2011/butta/RabbitMQPaper.pdf},
}

@Book{videla2012rabbitmq,
  title     = {RabbitMQ in action},
  publisher = {Manning},
  year      = {2012},
  author    = {Videla, Alvaro and Williams, Jason JW},
  isbn      = {ISBN 9781935182979},
  owner     = {S17-IO-3005},
}

@Article{vinoski2006advanced,
  author    = {Vinoski, Steve},
  title     = {Advanced message queuing protocol},
  journal   = {IEEE Internet Computing},
  year      = {2006},
  volume    = {10},
  number    = {6},
  owner     = {S17-IO-3005},
  publisher = {IEEE},
  url       = {http://ieeexplore.ieee.org/stamp/stamp.jsp?arnumber=4012603},
}

@Misc{www-rabbitmq-Johan,
  author       = {{Lovisa Johansson}},
  title        = {RabbitMQ for beginners - What is RabbitMQ?},
  howpublished = {WEb Page},
  month        = may,
  year         = {2015},
  note         = {Accessed: 02-15-2017},
  owner        = {S17-IO-3005},
  timestamp    = {2015-05-18},
  url          = {https://www.cloudamqp.com/blog/2015-05-18-part1-rabbitmq-for-beginners-what-is-rabbitmq.html},
}

