@Misc{www-derbyoverview,
  Title =	 {{Apache Derby}},
  Author       = {{Apache Software Foundation}},
  HowPublished = {Web Page},
  Month        = oct,
  Note =	 {accessed: 2017-03-14},
  Year =	 2016,
  Owner =	 {S17-IO-3016},
  Url =		 {https://db.apache.org/derby/}
}

@Misc{www-apachederbycharter,
  Title =	 {{Apache Derby Project Charter}},
  Author =	 {{The Apache Software Foundation}},
  HowPublished = {Web page},
  Month =	 sep,
  Note =	 {accessed: 2017-02-25},
  Year =	 2016,
  Owner =	 {S17-IO-3016},
  Url =		 {https://db.apache.org/derby/derby_charter.html},
}


@Misc{www-derbyarch,
  Title =	 {{Derby Engine Architecture Overview}},
  Author       = {{Apache Software Foundation}},
  HowPublished = {Web Page},
  Month        = sep,
  Note =	 {accessed: 2017-03-14},
  Year =	 2016,
  Owner =	 {S17-IO-3016},
  Url =		 {http://db.apache.org/derby/papers/derby_arch.html#Module+View}
}


 @Misc{www-derbytutorial,
  Title =	 {{Apache Derby Tutorial}},
  Author       = {{Apache Software Foundation}},
  HowPublished = {Web Page},
  Month        = sep,
  Note =	 {accessed: 2017-03-14},
  Year =	 2016,
  Owner =	 {S17-IO-3016},
  Url =		 {https://db.apache.org/derby/papers/DerbyTut/index.html}
}

 @Misc{www-derbysec,
  Title =	 {{Derby and Security}},
  Author       = {{Apache Software Foundation}},
  HowPublished = {Web Page},
  Month        = mar,
  Note =	 {accessed: 2017-03-20},
  Year =	 2017,
  Owner =	 {S17-IO-3016},
  Url =		 {http://db.apache.org/derby/docs/10.8/devguide/cdevcsecuree.html}
}

 @Misc{www-derbyutil,
  Title =	 {{Derby Tools and Utilities Guide}},
  Author       = {{Apache Software Foundation}},
  HowPublished = {Web Page},
  Month        = oct,
  Note =	 {accessed: 2017-03-24},
  Year =	 2016,
  Owner =	 {S17-IO-3016},
  Url =		 {https://db.apache.org/derby/docs/10.13/tools/derbytools.pdf}
}

 @Misc{www-derbdoc,
  Title =	 {{Apache Derby: Documentation}},
  Author       = {{Apache Software Foundation}},
  HowPublished = {Web Page},
  Month        = oct,
  Note =	 {accessed: 2017-03-24},
  Year =	 2016,
  Owner =	 {S17-IO-3016},
  Url =		 {https://db.apache.org/derby/manuals/index.html}
}

 @Misc{www-derbydownload,
  Title =	 {{Apache Derby: Downloads}},
  Author       = {{Apache Software Foundation}},
  HowPublished = {Web Page},
  Month        = sep,
  Note =	 {accessed: 2017-03-24},
  Year =	 2016,
  Owner =	 {S17-IO-3016},
  Url =		 {http://db.apache.org/derby/derby_downloads.html}
}

@Misc{www-hive,
  Title =	 {{Apache Hive}},
  Author       = {{Apache Software Foundation}},
  HowPublished = {Web Page},
  Month        = mar,
  Note =	 {accessed: 2017-03-23},
  Year =	 2017,
  Owner =	 {S17-IO-3016},
  Url =		 {https://cwiki.apache.org/confluence/display/Hive/Home}
}




@Misc{www-hivemetastore,
  Title =	 {{GettingStarted-Metadata Store}},
  Author       = {{Apache Software Foundation}},
  HowPublished = {Web Page},
  Month        = mar,
  Note =	 {accessed: 2017-03-23},
  Year =	 2017,
  Owner =	 {S17-IO-3016},
  Url =		 {https://cwiki.apache.org/confluence/display/Hive/GettingStarted#GettingStarted-MetadataStore}
}

@Misc{www-mymoney,
  Title =	 {{MTH built products}},
  Author       = {{MTH Software, Inc}},
  HowPublished = {Web Page},
  Month        = mar,
  Note =	 {accessed: 2017-03-23},
  Year =	 2017,
  Owner =	 {S17-IO-3016},
  Url =		 {http://www.mthbuilt.com/products.php}
}


@Misc{www-mymoneywiki,
  Title =	 {{How to use SQL in My Money}},
  Author       = {{MTH Software, Inc}},
  HowPublished = {Web Page},
  Month        = mar,
  Note =	 {accessed: 2017-03-23},
  Year =	 2017,
  Owner =	 {S17-IO-3016},
  Url =		 {http://wiki.mthbuilt.com/How_to_use_SQL_in_My_Money}
}


