@Misc{www-neo4j-intro,
  Title                    = {Chapter 1. Introduction},

  Author                   = {Neo4j},
  HowPublished             = {Web Page},
  Note                     = {Last Accessed: 03.24.2017},

  Owner                    = {sowmya},
  Timestamp                = {2017.03.24},
  Url                      = {https://neo4j.com/docs/operations-manual/current/introduction/}
}

@Misc{www-neo4j-intro2,
  Title                    = {Introduction to Neo4j},

  Author                   = {Steven Haines},
  HowPublished             = {Web Page},
  Note                     = {Last Accessed: 03.24.2017},

  Owner                    = {sowmya},
  Timestamp                = {2017.03.24},
  Url                      = {http://www.informit.com/articles/article.aspx?p=2415370}
}

@Misc{www-graph-img,
  Title                    = {Social Network Project},

  Author                   = {MeU project},
  HowPublished             = {Web Page},
  Note                     = {Last Accessed: 03.24.2017},

  Owner                    = {S17-IR-2030},
  Timestamp                = {2017.03.24},
  Url                      = {https://meu-solutions.com/case-studies-social-network-project/}
}

@Misc{www-slideshare,
  Title                    = {Graphical Database of Citation Network Analysis},

  Author                   = {Ray Ostman},
  HowPublished             = {PDF Document},
  Note                     = {Last Accessed: 03.24.2017},

  Owner                    = {S17-IR-2030},
  Timestamp                = {2017.03.24},
  Url                      = {http://webdocs.ischool.illinois.edu/crt/ostman.pdf}
}

@Misc{www-neo4j,
  Title                    = {Chapter 4. Clustering},

  Author                   = {Neo4j},
  HowPublished             = {Web page},
  Note                     = {Last Accessed: 2017.02.24},

  Owner                    = {S17-IR-2030},
  Timestamp                = {2017.02.26},
  Url                      = {https://neo4j.com/docs/operations-manual/current/clustering/}
}

@Misc{www-neo4j-causal,
  Title                    = {Causal Cluster},

  Author                   = {Neo4j},
  HowPublished             = {Web page},
  Note                     = {Last Accessed: 2017.03.24},

  Owner                    = {S17-IR-2030},
  Timestamp                = {2017.03.24},
  Url                      = {https://neo4j.com/docs/operations-manual/current/clustering/causal-clustering/introduction/}
}

@Misc{www-neo4j-ha,
  Title                    = {Highly Available cluster},

  Author                   = {Neo4j},
  HowPublished             = {Web page},
  Note                     = {Last Accessed: 2017.03.24},

  Owner                    = {S17-IR-2030},
  Timestamp                = {2017.03.24},
  Url                      = {https://neo4j.com/docs/operations-manual/current/clustering/high-availability/architecture/}
}
@Misc{www-neo4j-uc,
  Title                    = {Graph Database Use Cases},

  Author                   = {Neo4j},
  HowPublished             = {Web page},
  Note                     = {Last Accessed: 2017.03.24},

  Owner                    = {S17-IR-2030},
  Timestamp                = {2017.03.24},
  Url                      = {https://neo4j.com/use-cases/}
}

@Misc{www-neo4j-uc2,
  Title                    = {Solutions: Social Network},

  Author                   = {Neo4j},
  HowPublished             = {Web page},
  Note                     = {Last Accessed: 2017.03.24},

  Owner                    = {S17-IR-2030},
  Timestamp                = {2017.03.24},
  Url                      = {https://neo4j.com/use-cases/social-network/}
}

