@Book{book-samsara,
  title     = {Apache Mahout: Beyond MapReduce},
  publisher = {Createspace Independent Publishing Platform},
  year      = {2016},
  author    = {Lyubimov, Dmitriy and Palumbo, Andrew},
  isbn      = {9781523775781},
  date      = {2016-2-18},
  ean       = {9781523775781},
  Note      = {Accessed: 2017-3-26},
}

@Book{book-mahout,
  title     = {Apache Mahout Cookbook},
  publisher = {Packt Publishing},
  year      = {2016},
  author    = {Giacomelli, Piero},
  isbn      = {9781849518024},
  date      = {2013-12-26},
  ean       = {9781849518024},
  Note      = {Accessed: 2017-3-26},
}

@Misc{www-mahout,
  Title =	 {Apache Mahout},
  HowPublished = {Web Page},
  Author       = {{Apache Software Foundation}},
  Year =	 {2016},
  Month =	 jun,
  Url =
                  {http://mahout.apache.org/},
  Note         = {Accessed: 2017-3-26},
}

@Misc{www-mahoutLicense,
  Title =	 {{Apache License 2.0}},
  HowPublished = {Web Page},
  Author       = {{Apache Software foundation}},
  Year =	 {2004},
  Month =	 jan,
  Url =
                  {http://www.apache.org/licenses/LICENSE-2.0},
  Note         = {Accessed: 2017-3-26}
}

@Misc{www-mahoutResources,
  Title =	 {Mahout Book, Tutorials, Talks},
  HowPublished = {Web Page},
  Author       = {{Apache Software Foundation}},
  Year =	 {2016},
  Month =	 may,
  Url =
                  {https://mahout.apache.org/general/books-tutorials-and-talks.html},
  Note         = {Accessed: 2017-3-26}
}

@Misc{www-samsara,
  Title =	 {Mahout Samsara Incore references},
  HowPublished = {Web Page},
  Author       = {{Apache Software Foundation}},
  Year =	 {2016},
  Month =	 may,
  Url =
                  {http://mahout.apache.org/users/environment/in-core-reference.html},
  Note         = {Accessed: 2017-3-26}
}

@Misc{www-weatheringDays,
  Title =	 {Mahout 0.10.x: first Mahout release as a programming environment},
  HowPublished = {Web Page},
  Author       = {Lyubimov, Dmitriy and Palumbo, Andrew},
  Year =	 {2015},
  Month =	 apr,
  Url =
                  {http://www.weatheringthroughtechdays.com/2015/04/mahout-010x-first-mahout-release-as.html},
  Note         = {Accessed: 2017-3-26}		  
}

@Misc{www-recommendations,
  Title =	 {Intro to Cooccurrence Recommenders with Spark},
  HowPublished = {Web Page},
  Author       = {{Apache Software Foundation}},
  Year =	 {2016},
  Month =	 may,
  Url =
                  {http://mahout.apache.org/users/algorithms/intro-cooccurrence-spark.html},
  Note         = {Accessed: 2017-3-26}		  
}

@incollection{paper-NIPS2006_3150,
 Title = {Map-Reduce for Machine Learning on Multicore},
 Author = {Cheng-tao Chu and Sang K. Kim and Yi-an Lin and Yuanyuan Yu and Gary Bradski and Olukotun, Kunle and Andrew Y. Ng},
 Booktitle = {Advances in Neural Information Processing Systems 19},
 Editor = {P. B. Sch\"{o}lkopf and J. C. Platt and T. Hoffman},
 Pages = {281--288},
 Year = {2007},
 Publisher = {MIT Press},
 Url = {http://papers.nips.cc/paper/3150-map-reduce-for-machine-learning-on-multicore.pdf},
 Note         = {Accessed: 2017-3-26},
}


