@article{BOUCHER19691,
title = {The pollyanna hypothesis},
journal = {Journal of Verbal Learning and Verbal Behavior},
volume = {8},
number = {1},
pages = {1 - 8},
year = {1969},
note = {},
issn = {0022-5371},
doi = {http://dx.doi.org/10.1016/S0022-5371(69)80002-2},
url = {http://www.sciencedirect.com/science/article/pii/S0022537169800022},
author = {Jerry Boucher and Charles E. Osgood},
note={online,accessed:12-03-2017},
owner={S17-IR-2027,S17-IR-2037,S17-IR-2030}
}