@article{foster2006globus,
  title={Globus toolkit version 4: Software for service-oriented systems},
  author={Foster, Ian},
  journal={Journal of computer science and technology},
  volume={21},
  number={4},
  pages={513},
  year={2006},
  publisher={Springer}
}

@book{sotomayor2006globus,
  title={Globus{\textregistered} Toolkit 4: Programming Java Services},
  author={Sotomayor, Borja and Childers, Lisa},
  year={2006},
  publisher={Morgan Kaufmann}
}

@Misc{www-about-globus,
  Title =	 {About the Globus Toolkit},
  HowPublished = {Web Page},
  Note =	 {Accessed: 2017-2-26},
  Key =		 {globus-toolkit-about},
  Owner =	 {S17-ER-1001},
  Url =          {http://toolkit.globus.org/toolkit/about.html}
}

@book{magoules2009introduction,
  title={Introduction to grid computing},
  author={Magoules, Frederic and Pan, Jie and Tan, Kiat-An and Kumar, Abhinit},
  year={2009},
  publisher={CRC Press}
}

@Misc{egee-web,
  Title =	 {EGEE: Enabling Grids for E-Science in Europe},
  HowPublished = {Web Page},
  Note =	 {Accessed: 2017-2-26},
  Owner =	 {S17-ER-1001},
  Url =          {https://eu-egee.org/}
}

@Misc{neesit-web,
  Title =	 {NEESit: Network for Earthquake Engineering Simulation},
  HowPublished = {Web Page},
  Note =	 {Accessed: 2017-2-26},
  Owner =	 {S17-ER-1001},
  Url =          {https://nees.org/}
}

@Misc{teragrid-wiki,
  Title =	 {TeraGrid},
  HowPublished = {Web Page},
  Note =	 {Accessed: 2017-2-26},
  Owner =	 {S17-ER-1001},
  Url =          {https://en.wikipedia.org/wiki/TeraGrid}
}

@book{asadzadeh2005global,
  title={Global grids and software toolkits: A study of four grid middleware technologies},
  author={Asadzadeh, Parvin and Buyya, Rajkumar and Kei, C Ling and Nayar, Deepa and Venugopal, Srikumar},
  year={2005},
  publisher={Wiley Press, New Jersey, USA},
  url={ http://gridbus.csse.unimelb.edu.au/papers/gridmiddlware.doc }
}

@Misc{www-globus-tutorial,
  Title =	 {Globus Toolkit Presentations and Tutorials},
  HowPublished = {Web Page},
  Note =	 {Accessed: 2017-2-26},
  Owner =	 {S17-ER-1001},
  Url =          {http://toolkit.globus.org/toolkit/presentations/}
}

@Misc{www-related-tools,
  Title =	 {Software Tools Related to the Globus Toolkit},
  HowPublished = {Web Page},
  Note =	 {Accessed: 2017-2-26},
  Owner =	 {S17-ER-1001},
  Url =          {http://toolkit.globus.org/toolkit/tools/}
}

@article{schwiegelshohn2010perspectives,
  title={Perspectives on grid computing},
  author={Schwiegelshohn, Uwe and Badia, Rosa M and Bubak, Marian and Danelutto, Marco and Dustdar, Schahram and Gagliardi, Fabrizio and Geiger, Alfred and Hluchy, Ladislav and Kranzlm{\"u}ller, Dieter and Laure, Erwin and others},
  journal={Future Generation Computer Systems},
  volume={26},
  number={8},
  pages={1104--1115},
  year={2010},
  publisher={Elsevier}
}

@Misc{www-uchigago,
  Title =	 {Father of the grid},
  HowPublished = {Web Page},
  Note =	 {Accessed: 2017-2-26},
  Owner =	 {S17-ER-1001},
  Url =          {http://magazine.uchicago.edu/0404/features/index.shtml}
}

@inproceedings{rambadt2002unicore,
  title={UNICORE-Globus Interoperability: Getting the Best of Both Worlds.},
  author={Rambadt, Michael and Wieder, Philipp},
  booktitle={HPDC},
  pages={422},
  year={2002},
  organization={Citeseer}
}

