% Encoding: UTF-8

@Misc{www-googlecloudpricing,
  author       = {Google Cloud Platform},
  title        = {Google Cloud Platform Pricing},
  howpublished = {Web Page},
  month        = feb,
  year         = {2017},
  note         = {Accessed: 2017-02-26},
  owner        = {S17-IR-2028},
  timestamp    = {2017-02-26},
  url          = {https://cloud.google.com/container-engine/pricing}
}

@Misc{www-kubernetesarticle,
  author       = {Adrian Mouat},
  title        = {Kuberntes Competition},
  howpublished = {Web Page},
  month        = oct,
  year         = {2015},
  note         = {Accessed: 2017-02-26},
  owner        = {S17-IR-2028},
  timestamp    = {2017-02-27},
  url          = {https://www.oreilly.com/ideas/swarm-v-fleet-v-kubernetes-v-mesos}
}

@Misc{www-kubernetesusers,
  author       = {Kubernetes},
  title        = {Kuberetes Users},
  howpublished = {Web Page},
  note         = {Accessed: 2017-02-26},
  owner        = {S17-IR-2028},
  timestamp    = {2017-02-26},
  url          = {https://kubernetes.io/case-studies/}
}

@Misc{www-kontenasite,
  author       = {Kontena},
  title        = {Kontena Website},
  howpublished = {Web Page},
  owner        = {S17-IR-2028},
  timestamp    = {2017-02-27},
  url          = {https://www.kontena.io/}
}

@Book{www-kubernetesebook,
  title     = {Kubernetes},
  publisher = {Oâ€™Reilly Media, Inc.},
  year      = {2015},
  author    = {David Rensin},
  edition   = {First},
  month     = jun,
  note      = {Accessed: 2017-02-27},
  owner     = {S17-IR-2028},
  timestamp = {2017-02-26}
}

@Misc{www-kuberneteswiki,
  author       = {Wikipedia},
  title        = {Kubernetes Wiki},
  howpublished = {Web Page},
  note         = {Accessed: 2017-02-26},
  owner        = {S17-IR-2028},
  timestamp    = {2017-02-26},
  url          = {https://en.wikipedia.org/wiki/Kubernetes}
}

@Misc{www-kubernetesdoc,
  author       = {Kubernetes},
  title        = {Kubernetes Site},
  howpublished = {Web Page},
  note         = {Accessed: 2017-02-26},
  owner        = {S17-IR-2028},
  timestamp    = {2017-02-26},
  url          = {https://kubernetes.io/docs/whatisk8s/}
}

@Misc{www-googlecontengpricing,
  author       = {Google},
  title        = {Google Container Engine Pricing},
  howpublished = {Web Page},
  month        = feb,
  year         = {2017},
  note         = {Accessed: 2017-02-26},
  owner        = {S17-IR-2028},
  timestamp    = {2017-02-26},
  url          = {https://cloud.google.com/compute/pricing}
}

@Misc{www-kuberneteslic,
  author       = {Kubernetes},
  title        = {Kubernetes License},
  howpublished = {Git hub file},
  year         = {2015},
  note         = {Accessed: 2017-02-26},
  owner        = {S17-IR-2028},
  timestamp    = {2017-02-26},
  url          = {https://github.com/kubernetes/kubernetes/blob/master/third_party/swagger-ui/LICENSE}
}

@Misc{www-kubernetesuidoc,
  author       = {Kubernetes},
  title        = {Kubernetes UI Dashboard},
  howpublished = {Web Page},
  note         = {Accessed: 2017-02-26},
  owner        = {S17-IR-2028},
  timestamp    = {2017-02-26},
  url          = {https://kubernetes.io/docs/user-guide/ui/}
}
