@misc{www-zeppelin,
  author =	 {{Apache Zeppelin}},
  title =	 {{Zeppelin 0.7.0 Documentation}},
  url =		 {https://zeppelin.apache.org/docs/0.7.0/},
  howpublished = {Web Page},
  address =	 {Apache Software Foundation},
  year =	 2017,
  month =	 mar
}


