@Book{book-azureml,
  title     = {Predictive Analytics with Microsoft Azure Machine Learning 2nd Edition},
  publisher = {APRESS L.P.},
  year      = {2015},
  author    = {Fontama, Valentine and Barga, Roger and Tok, Wee Hyong},
  isbn      = {9781484212011},
  date      = {2015-08-26},
  ean       = {9781484212011},
  url       = {http://www.ebook.de/de/product/24095855/valentine_fontama_roger_barga_wee_hyong_tok_predictive_analytics_with_microsoft_azure_machine_learning_2nd_edition.html},
}

@Misc{www-azureMLSite,
  Title =	 {Azure Machine Learning},
  HowPublished = {Web Page},
  Author       = {C.J. Gronlund and Gary Ericson and Larry Francs and Paulette McKay},
  Year =	 {2017},
  Month =	 jan,
  Note         = {Accessed: 2017-2-19},
  Url =
                  {https://docs.microsoft.com/en-us/azure/machine-learning/machine-learning-what-is-machine-learning},
}

@Misc{www-azureMLStudioSite,
  Title =	 {What is Azure Machine Learning Studio?},
  HowPublished = {Web Page},
  Author       = {Gary Ericson and Larry Francs and Paulette McKay},
  Year         = {2017},
  Month        = jan,
  Note         = {Accessed: 2017-2-19},
  Url =
                  {https://docs.microsoft.com/en-us/azure/machine-learning/machine-learning-what-is-ml-studio},
}

@Misc{www-azureMLStudioCapabilities,
  Title        = {Machine Learning Studio Capabilities},
  HowPublished = {Web Page},
  Author       = {Hai Ning and Gary Ericson and Larry Francs and Paulette McKay},
  Year         = {2017},
  Month        = jan,
  Note         = {Accessed: 2017-2-19},
  Url          = {https://docs.microsoft.com/en-us/azure/machine-learning/machine-learning-studio-overview-diagram},
}

@Misc{www-azureMLModules,
  Title        = {Machine Learning modules A-Z},
  HowPublished = {Web Page},
  Year         = {2016},
  Month        = nov,
  Note         = {Accessed: 2017-2-19},
  Url          = {https://msdn.microsoft.com/en-us/library/azure/dn906033},
}

@Misc{www-azureMLModuleCategories,
  Title        = {Machine Learning modules Descriptions},
  HowPublished = {Web Page},
  Year         = {2017},
  Month        = feb,
  Note         = {Accessed: 2017-2-19},
  Url          = {https://msdn.microsoft.com/en-us/library/azure/dn906013},
}

@Misc{www-cortanaIntelligenceGallery,
  Title        = {Cortona Intelligence Gallery},
  HowPublished = {Web Page},
  Year         = {2017},
  Month        = feb,
  Note         = {Accessed: 2017-2-19},
  Url          = {https://gallery.cortanaintelligence.com/},
}

@Misc{www-azureMLPricing,
  Title        = {Machine Learning Pricing},
  HowPublished = {Web Page},
  Year         = {2017},
  Month        = feb,
  Note         = {Accessed: 2017-2-19},
  Url          = {https://azure.microsoft.com/en-us/pricing/details/machine-learning/},
}

@Misc{www-azureSQLDataWarehouse,
  Title        = {Azure {SQL} Data warehouse},
  HowPublished = {Web Page},
  Year         = {2017},
  Month        = feb,
  Note         = {Accessed: 2017-2-19},
  Url          = {https://azure.microsoft.com/en-us/services/sql-data-warehouse/},
}

@Misc{www-cortanaDecodeBrainSignal,
  Title        = {Decoding brain signals},
  HowPublished = {Web Page},
  Year         = {2016},
  Month        = jul,
  Note         = {Accessed: 2017-2-19},
  Url          = {https://gallery.cortanaintelligence.com/Competition/Decoding-Brain-Signals-2},
}

@Misc{www-solutionDecodeBrainSignal,
  Title        = {Winning Solution of decoding brain signals},
  Author       = {Alexandre Barachant},
  HowPublished = {Web Page},
  Year         = {2016},
  Month        = jul,
  Note         = {Accessed: 2017-2-19},
  Url          = {https://github.com/alexandrebarachant/decoding-brain-challenge-2016},
}


@InProceedings{businessDecisionAzureML,
  title =	 {Solving Business Decision-Making Problems With An Implementation Of Azure Machine Learning},
  author =	 {Luis Antonio Beltran Prieto and Ravindra Hewa Kuruppuge.},
  booktitle =	 {DOKBAT 12th Annual International Bata Conference},
  year =	 2016,
  address =	 {Zlin, Czech Republic},
  pages =	 {42-55},
  publisher =	 {Tomas Bata University},
  series =	 {DOKBAT},
  isbn =	 {978-80-7454-592-4},
  keywords =	 {Decision making, business models, Azure Machine Learning, Artificial Intelligence Algorithms, Mexico and Sri Lanka},
  location =	 {Zlin, Czech Republic},
  numpages =	 14,
  url =		 {http://dokbat.utb.cz/2016/wp-content/uploads/2015/04/DOKBAT-2016-Conference-Proceedings1.pdf#page=42}
}
