@InProceedings{las14cloudmeshmultiple,
  title =	 {{Accessing Multiple Clouds with Cloudmesh}},
  author =	 {von Laszewski, Gregor and Wang, Fugang and Lee,
                  Hyungro and Chen, Heng and Fox, Geoffrey C.},
  booktitle =	 {Proceedings of the 2014 ACM International Workshop
                  on Software-defined Ecosystems},
  year =	 2014,
  address =	 {New York, NY, USA},
  pages =	 {21--28},
  publisher =	 {ACM},
  series =	 {BigSystem '14},
  acmid =	 2609638,
  doi =		 {10.1145/2609441.2609638},
  isbn =	 {978-1-4503-2909-5},
  keywords =	 {cloud computing},
  location =	 {Vancouver, BC, Canada},
  numpages =	 8,
  url =		 {http://doi.acm.org/10.1145/2609441.2609638}
}

@misc{www-i524,
  author =	 {{Gregor von Laszewski and Badi Abdul-Wahid}},
  title =	 {{Big Data Classes}},
  url =		 {https://cloudmesh.github.io/classes/},
  howpublished = {Web Page},
  address =	 {Indiana University},
  year =	 2017,
  month =	 jan
}

@Misc {www-underscore,
  key =		 {google},
  howpublished = {Web Page},
  url =		 {http://www.google.com/some_underscore}
}

@Misc{www-memcached,
  Title =	 {What is Memcached?},
  Author =	 {{Dormando}},
  HowPublished = {Web Page},
  Month =	 mar,
  Note =	 {accessed 2017-03-21},
  Year =	 2015,
  Owner =	 {S17-IR-2024},
  Url =		 {https://memcached.org/}
}

@Misc{www-memcached-wikipedia,
  Title =	 {Memcached},
  Author =	 {{Wikipedia}},
  HowPublished = {Web Page},
  Month =	 feb,
  Note =	 {Online; accessed 23-Mar-2017},
  Year =	 2017,
  Owner =	 {S17-IR-2024},
  Url =		 {https://en.wikipedia.org/wiki/Memcached}
}

@Misc{www-memcached-java,
  Title =	 {Use Memcached for Java Enterprise Performance},
  Author =	 {{Sunil Patil}},
  HowPublished = {Web Page},
  Month =	 mar,
  Note =	 {accessed 2017-03-24},
  Year =	 2012,
  Owner =	 {S17-IR-2024},
  Url =
                  {http://www.javaworld.com/article/2078565/open-source-tools/open-source-tools-use-memcached-for-java-enterprise-performance-part-1-architecture-and-setup.html}
}


@Misc{www-memcached-apply,
  Title =	 {Applying memcached to increase site performance},
  Author =	 {{IBM}},
  HowPublished = {Web Page},
  Month =	 mar,
  Note =	 {accessed 2017-03-22},
  Year =	 2010,
  Owner =	 {S17-IR-2024},
  Url =
                  {https://www.ibm.com/developerworks/library/os-memcached/os-memcached-pdf.pdf}
}

@Misc{www-redis-wikipedia,
  Title =	 {Redis},
  Author =	 {{{Wikipedia}}},
  HowPublished = {Web Page},
  Month =	 mar,
  Note =	 {accessed 2017-03-22},
  Year =	 2017,
  Owner =	 {S17-IR-2024},
  Url =          {https://en.wikipedia.org/wiki/Redis}
}

@Misc{www-memcached-facebook,
  Title =	 {Scaling Memcached at Facebook},
  Author =	 {{Facebook}},
  HowPublished = {Web Page},
  Month =	 mar,
  Note =	 {accessed 2017-03-22},
  Year =	 2015,
  Owner =	 {S17-IR-2024},
  Url =
                  {https://www.facebook.com/note.php?note_id=39391378919&ref=mf}
}

@Misc{www-bsd-wikipedia,
  Title =	 {Berkeley Software Distribution},
  Author =	 {{Wikipedia}},
  HowPublished = {Web Page},
  Month =	 mar,
  Note =	 {accessed 2017-03-22},
  Year =	 2017,
  Owner =	 {S17-IR-2024},
  Url =
                  {https://en.wikipedia.org/wiki/Berkeley_Software_Distribution}
}

@Misc{www-memcached-comparison,
  Title =	 {Memcached vs Redis},
  Author =	 {{Squarespace Inc.}},
  HowPublished = {Web Page},
  Month =	 mar,
  Note =	 {accessed 2017-03-25},
  Year =	 2014,
  Owner =	 {S17-IR-2024},
  Url =
                  {http://www.openldap.org/lists/openldap-software/200010/msg00097.html}
}

@Misc{www-memcached-blog,
  author =	 {Srikant M.},
  title =	 {Memcached Vs Redis},
  publisher =	 {Andolasoft},
  month =	 mar,
  year =	 2014,
  howpublished = {Blog},
  url =		 {http://blog.andolasoft.com/2014/02/memcached-vs-redis-which-one-to-pick-for-large-web-app.html},
  key =		 {Dataconomy},
  owner =	 {S17-IR-2024},
  note =	 {Accessed: 23-Mar-2017}
}
