@Misc{www-Couchdb,
  Title =	 {{Technical Overview â€” Apache CouchDB 2.0 Documentation}},
  Author       = {{Apache Software Foundation}},
  HowPublished = {Web Page},
  Month        = mar,
  Note =	 {accessed: 2017-03-11},
  Year =	 2017,
  Owner =	 {S17-IO-3016},
  Url =		 {http://docs.couchdb.org/en/2.0.0/intro/overview.html}
}
